3190 5060
195 493 325 580 man]
419 515 542 562 casm
565 515 693 563 neuun
717 516 932 565 huononuu.
1085 503 1150 567 125

196 659 278 736 una
292 692 338 736 ex
360 665 430 736 illis
460 671 618 755 epistolis
644 675 834 757 reperimus
859 674 1008 757 qualiter
1034 677 1149 756 gratia

196 779 326 837 nostrae
349 774 550 856 apostolicae
573 772 773 851 functionis,
803 775 833 837 si
852 774 959 859 juxta
982 774 1148 855 fuissetis,
1255 764 1258 769 ’

196 872 347 935 animam
361 879 514 937 vestram
541 893 605 955 pro
628 874 727 937 nobis
752 875 957 955 posuissetis
977 874 1147 956 benigne3

195 971 301 1036 immo
320 980 356 1036 et
377 978 505 1036 nostrae
525 973 749 1056 prosperitati
771 973 919 1037 multum
940 973 977 1036 in
995 974 1148 1040 Domino

195 1072 456 1153 congaudeatis,
479 1078 514 1135 et
537 1073 676 1154 quando
699 1079 829 1136 nostrae
852 1072 1058 1146 dulcissimae
1085 1073 1148 1137 ad-

196 1171 395 1235 monitionis
417 1170 535 1234 literae'
550 1170 595 1234 ad
610 1179 735 1236 vestrae
757 1173 997 1237 unanimitatis
1025 1193 1148 1255 perve-

194 1268 297 1333 niunt
312 1289 424 1347 aures,
439 1289 517 1333 cum
534 1271 627 1334 omni
644 1271 817 1336 suavitate
832 1271 945 1336 cordis
963 1280 999 1336 et
1020 1272 1148 1354 gaudio

196 1369 356 1450 spiritali,
382 1370 483 1451 quasi
504 1369 578 1447 filii,
608 1379 790 1452 paternum
823 1390 948 1435 munus
974 1372 1149 1455 suscipere

193 1466 362 1532 fatemini.
416 1469 606 1533 Fatebatur
621 1488 704 1534 vero
727 1478 763 1534 et
784 1470 862 1548 hoc,
875 1470 968 1553 quod
990 1471 1148 1555 aliquan·

193 1566 306 1631 tulam
320 1588 366 1632 ex
378 1575 497 1632 uestra
513 1568 679 1634 facultate
692 1570 965 1633 benedictionem
978 1572 1078 1635 nobis
1095 1573 1147 1636 of-

192 1665 277 1730 ferri
286 1667 532 1747 demandastis,
543 1667 578 1731 id
588 1675 653 1747 est,
662 1669 930 1751 centumviginti
940 1662 1147 1749 ¹mancusas,

194 1785 283 1848 quas
299 1787 377 1831 cum
394 1787 521 1849 magno
537 1787 654 1832 amore
667 1787 731 1851 pro
750 1769 874 1832 animae
887 1775 1013 1832 vestrae
1035 1769 1148 1834 salute

196 1867 421 1948 suscepimus.
473 1868 520 1931 Et
539 1867 736 1951 'praedictus
764 1866 1042 1952 archiepiscopus
1068 1889 1146 1933 oum

194 1966 299 2029 sociis
310 1967 382 2030 suis
395 1967 581 2032 honorifice
594 1986 635 2031 ao
649 1967 799 2048 benigne
813 1987 836 2031 a
851 1969 950 2032 nohis
965 1976 1146 2051 susceptus

194 2072 260 2141 est,
275 2072 310 2129 et
325 2066 482 2150 adjuvari
496 2087 574 2130 eum
590 2067 626 2130 in
639 2067 711 2131 suis
725 2067 987 2132 necessitatibus
1001 2067 1148 2133 libenter

195 2164 349 2230 fecimus.
384 2165 524 2230 Interea
538 2166 715 2231 credentes
729 2173 854 2231 vestrae
869 2168 1146 2249 prudentissimae

196 2263 424 2342 excellentiae,
447 2265 507 2330 ubi
532 2265 706 2330 serebatur
717 2265 755 2329 in
772 2266 856 2349 ipsis
880 2268 950 2331 tuis
973 2268 1146 2349 regalibus

196 2364 352 2446 apicibus
383 2365 475 2447 quod
503 2366 631 2430 nostris
670 2365 872 2448 apostolicis
909 2367 1147 2432 sanctionibus

194 2464 310 2528 nullus
324 2463 544 2529 Christianus
566 2466 737 2530 contraire
750 2467 946 2548 praesumit;
970 2466 1048 2530 ideo
1063 2467 1146 2532 totis

191 2564 328 2627 nisibus
364 2565 492 2629 nostris
529 2583 571 2629 ea
600 2584 678 2647 quae
715 2573 777 2630 tuo
816 2586 924 2647 regno
956 2566 1146 2649 expediunt

190 2663 351 2728 emittere
382 2672 487 2747 atque
519 2664 708 2747 praedicare
731 2684 907 2742 conamur,
935 2672 974 2729 ut
999 2684 1145 2749 eaquae

195 2764 294 2827 uobis
311 2763 477 2846 praelatus
493 2763 600 2828 frater
622 2772 740 2828 noster
755 2763 964 2827 Ethelardus
977 2764 1146 2847 archiepi-

195 2879 333 2944 scopus
349 2883 411 2927 seu
426 2870 501 2928 tota
520 2863 673 2946 synodus
688 2862 898 2944 evangelicae
921 2869 1026 2945 atque
1042 2883 1145 2946 apos-

188 2960 308 3025 tolicae
329 2962 495 3028 doctrinae
526 2970 792 3045 sanctorumque
819 2970 969 3044 patrum,
992 2983 1146 3029 necnon

194 3062 484 3143 praedecessorum
504 3069 703 3126 sanctorum
720 3070 916 3127 nostrorum
931 3063 1146 3146 pontificum,

187 3161 362 3226 canonica
370 3181 516 3226 censura
529 3162 753 3244 praedicante,
768 3169 893 3226 vestrae
908 3163 1017 3244 regali
1031 3165 1146 3229 excel·

193 3258 323 3338 lentiae,
345 3281 407 3325 seu
431 3262 566 3325 cunctis
587 3261 800 3344 principibus
822 3262 936 3343 gentis
950 3271 1088 3342 vestrae,
1111 3271 1147 3329 ct

193 3359 356 3425 universo
376 3361 505 3444 populo
519 3360 599 3439 Dei,
613 3361 783 3438 edisserit,
807 3379 1024 3443 nequaquam
1038 3362 1075 3424 in
1090 3383 1146 3426 or-

192 3459 349 3525 thodoxa
373 3480 491 3526 eorum
516 3459 674 3525 doctrina
702 3459 880 3543 quippiam
902 3461 1061 3524 resistere
1086 3461 1145 3525 de·

185 3559 317 3638 beatis,
327 3561 477 3625 Domino
491 3579 532 3624 ac
543 3559 775 3642 Redemptore
784 3567 903 3623 nostro
916 3560 953 3622 in
964 3561 1145 3641 evangelio

193 3657 340 3737 dicente,
357 3660 415 3723 ubi
431 3660 492 3736 ait,
515 3665 537 3695 “
548 3653 639 3738 ²Qui
652 3677 715 3724 vos
730 3659 864 3740 recipit,
879 3679 934 3722 me
946 3659 1085 3741 recipit3
1109 3668 1145 3725 et

183 3759 252 3840 -qui
266 3759 388 3841 recipit
402 3758 605 3842 prophetam
627 3760 663 3822 in
688 3758 827 3822 nomine
849 3758 1040 3841 prophetae,
1055 3779 1144 3824 mer·

194 3858 311 3922 cedem
339 3859 517 3941 prophetae
545 3857 725 3940 accipiet.''
777 3856 919 3936 Quanto
940 3859 1052 3940 magis
1081 3880 1145 3942 pro

185 3957 268 4039 ‘ipso
290 3957 476 4040 saepedicto
499 3957 768 4040 archiepiscopo,
797 3978 899 4041 quem
922 3959 1022 4022 nohis
1044 3958 1145 4026 valde

227 4223 400 4290 ¹Muacusaa]
418 4228 446 4278 S.
469 4230 498 4279 C.
517 4229 567 4290 Ε.;
589 4245 658 4278 man·
717 4225 1012 4293 'Quivos...propbetoe
1019 4230 1144 4296 accipiet]

191 4295 273 4359 cuias,
284 4296 317 4346 A.
331 4297 366 4346 D.
378 4297 409 4347 1..
683 4300 759 4351 Matt.
771 4314 797 4350 x.
809 4297 850 4362 4'0,
861 4301 903 4348 ll.
