3170 5054
206 492 275 542 ura.
291 477 335 558 1.]
432 493 545 542 casua
570 494 697 542 aucun
722 495 936 544 anenoauu.
1114 479 1164 544 39

205 647 330 714 blande
343 648 578 715 sciscitantem
591 671 600 730 3
616 670 720 733 quam
736 671 813 716 cum
835 651 898 714 ille,
915 650 1158 715 incunctanter
1171 673 1298 714 ametor

203 749 407 828 aperuisset,
432 751 609 815 revocavit
632 770 710 814 eum
739 769 761 814 a
788 750 961 814 sententia
984 749 1157 812 Dominus
1169 723 1318 774 omanem.

203 844 268 909 hoc
284 847 388 925 dicto,
404 847 634 912 ‘Dedicatam
659 869 681 912 a
702 869 740 912 se
763 848 893 913 dudum
918 847 1097 912 ecclesiam
1119 847 1155 910 in

203 944 368 1010 honorem
393 949 514 1010 matris
542 967 627 1026 suae,
648 949 831 1012 iteratione
858 947 1011 1012 humana
1038 965 1154 1011 saera·

203 1051 358 1109 mentum
372 1047 532 1110 temerari
551 1063 621 1112 non
645 1047 827 1130 oportere.’
877 1046 1054 1128 Simulque
1075 1065 1154 1109 cum

203 1143 308 1220 dicto,
349 1144 458 1225 digito
488 1145 604 1209 volam
639 1147 813 1210 terebrare
849 1145 956 1222 viam,
993 1143 1158 1227 subjecit,

203 1240 308 1305 ‘Hoc
336 1242 478 1307 haberet
509 1243 647 1324 signum
680 1245 790 1327 repeti
820 1263 890 1308 non
915 1244 1039 1307 debere
1060 1243 1156 1324 quod·

202 1339 277 1421 ipse
298 1341 524 1425 anticipasset
543 1342 675 1423 facere3
702 1344 762 1407 sed
785 1345 867 1425 quia
887 1341 1089 1408 intentionis
1110 1342 1153 1405 il-

203 1437 270 1501 lius
311 1457 381 1503 non
421 1447 493 1504 tam
530 1439 653 1506 fuisset
687 1442 834 1506 audacia
868 1461 972 1523 quam
1002 1441 1152 1517 devotio,

203 1556 344 1618 poenam
357 1557 428 1602 non
439 1539 724 1621 prolongandam.
751 1540 910 1622 Denique
920 1559 1022 1603 mane
1036 1539 1158 1603 suturo

204 1653 293 1714 cum,
308 1638 345 1701 in
370 1637 488 1716 missa,
512 1637 635 1703 ‘.‘Cum
658 1640 747 1721 ipso,
767 1646 803 1714 et
826 1658 887 1722 per
909 1639 1035 1720 ipsum,
1059 1644 1095 1701 et
1116 1638 1156 1699 in.

201 1733 314 1816 ipso,’'
329 1735 483 1800 dicturus
506 1745 610 1816 esset,
633 1738 772 1820 plenum
795 1739 827 1802 ei
850 1737 973 1800 salutis
998 1736 1153 1816 vigorem

202 1832 475 1899 refundendum!
535 1834 605 1900 His
635 1837 824 1900 terroribus
858 1835 1004 1899 antistes
1031 1831 1172 1898 somno

203 1951 383 2011 excussus,
397 1934 487 1998 sieut
500 1941 584 1998 tunc
604 1934 761 1999 ulcerosa
782 1935 879 1998 sanie
897 1933 1081 2016 impalluit,
1103 1933 1154 1996 sic

202 2039 325 2113 postea
354 2033 494 2098 veritati
523 2034 714 2116 prophetiae
744 2031 931 2117 applausit.
1001 2031 1069 2096 Sed
1109 2051 1154 2096 ne

202 2130 289 2192 nihil
316 2130 491 2196 videretur
528 2134 651 2215 egisse,
688 2132 793 2195 aliam
830 2130 1009 2196 ecclesiam
1045 2128 1154 2194 citato

201 2227 284 2292 fecit
309 2235 344 2300 et
368 2229 540 2295 dedicavit
565 2250 679 2313 opere.
731 2230 786 2295 De
812 2230 876 2294 hoc
903 2249 987 2294 sane
1012 2231 1154 2310 egregio

201 2333 238 2390 et
266 2327 527 2410 incomparabili
556 2331 643 2406 viro,
669 2335 787 2393 utrum
815 2329 863 2392 ibi
890 2329 1025 2404 obierit,
1048 2346 1094 2390 an
1117 2328 1153 2391 in

201 2425 436 2510 sedepropria
446 2429 553 2492 vitam
569 2428 708 2506 finierit,
722 2429 891 2493 incertum
905 2427 1027 2491 haheo.
1043 2421 1154 2489 ¹Nan1

201 2541 380 2590 eumcum
397 2528 500 2591 beato
523 2525 676 2593 Patricio
701 2546 775 2591 esse
801 2526 992 2606 affirmant3
1016 2532 1051 2590 et
1067 2525 1153 2589 Wa-

200 2622 327 2702 lenses,
355 2626 553 2690 orationum
584 2626 873 2708 frequentatione,
903 2631 940 2689 et
973 2623 1154 2706 multiplici

202 2726 371 2800 sermone,
384 2723 419 2786 id
435 2725 660 2806 proculdubio
681 2731 843 2789 astruunt
863 2730 899 2787 et
917 2723 1153 2793 corroborant,

201 2821 288 2884 illud
310 2821 352 2884 in.
371 2823 521 2888 medium
537 2823 751 2906 proferentes
765 2817 1003 2886 ²Bernardum
1021 2819 1155 2901 episco-
1180 2896 1187 2906 ἢ

200 2938 282 3001 pum
302 2921 408 2985 semel
432 2928 469 3002 et
491 2922 642 2986 secundo
672 2940 750 2986 eum
772 2923 950 3005 quaesisse,
975 2926 1011 2983 et
1034 2918 1154 2982 multis

201 3018 467 3084 reclamantibus
497 3040 566 3085 non
600 3022 785 3088 invenisse.
838 3020 929 3085 Haec
966 3019 1019 3082 de.
1047 3019 1152 3082 beato
1244 3099 1247 3106 Ι

202 3117 320 3182 David
335 3118 464 3183 dixisse
479 3117 638 3184 sufficiat.

252 3216 337 3299 §26.
365 3217 517 3282 Multum
541 3219 706 3301 temporis
729 3219 765 3282 in
790 3216 914 3294 medio,
937 3224 973 3282 et
986 3216 1084 3281 venit
1097 3208 1152 3278 ³in
1165 3225 1284 3274 anneta

200 3314 416 3378 Britanniam
438 3323 579 3381 sanctus
593 3316 824 3399 Augustinus,
848 3335 870 3378 a
891 3317 992 3379 heato
1016 3314 1151 3395 Grego÷

200 3413 253 3476 rio
273 3414 436 3493 directae,
457 3434 549 3480 anno
562 3416 812 3480 incarnationis
828 3414 968 3477 Domini
983 3413 1152 3496 quingen-

199 3513 331 3590 tesimo
356 3515 579 3596 nonagesimo
608 3522 730 3594 sext03
767 3513 867 3597 cujus
896 3511 1152 3594 praedicationis

200 3612 468 3677 commilitonem
482 3606 697 3693 ⁵Paulinum,
720 3633 765 3678 ex
785 3611 1044 3694 archiepiscopo
1060 3609 1152 3671 Ebo-

236 3830 324 3881 1Νιιηι
334 3836 410 3898 eum]
427 3837 478 3895 E.;
495 3850 553 3884 nam
563 3835 612 3883 viri
626 3849 666 3882 re·
690 3834 752 3883 with
772 3833 897 3895 Bemard,
914 3833 973 3883 who
991 3846 1046 3882 was
1063 3833 1154 3892 bishop

197 3903 285 3964 ligiosi
295 3904 466 3954 recordatione
474 3905 546 3968 digni
554 3918 621 3966 eum,
629 3904 664 3955 D.
690 3903 719 3953 ol
727 3904 764 3952 St.
776 3903 885 3952 David’s
895 3903 966 3952 A.D.
979 3905 1052 3951 1115.

201 3973 236 4021 M
723 3969 799 4035 Ha]
816 3973 867 4032 E.;
883 3971 1024 4020 omittedin
1035 3971 1071 4020 D.
1083 3971 1121 4018 M.

235 4039 433 4104 'Beracrdam.]
451 4043 483 4092 In
498 4041 541 4091 the
558 4041 665 4103 ‘Antiq.
726 4035 821 4106 ⁴596]
840 4041 888 4089 See
900 4055 926 4100 p.
940 4043 980 4101 1⁷,
991 4041 1048 4086 note
1059 4035 1078 4086 ⁸.

199 4111 285 4161 Glast.
302 4111 445 4161 Eccl.'this
460 4125 566 4160 occurs:
584 4113 668 4159 ‘Ber-
727 4108 893 4168 ὅΡαιιῑίπιιηι,
919 4122 951 4155 ex
979 4106 1156 4171 archiepiscopo

198 4181 308 4230 nardum
326 4181 475 4242 episcopum
493 4182 596 4230 Rosinae
614 4182 666 4230 val-
693 4178 841 4227 Eboracensi
858 4175 985 4235 Rosmsem
1000 4175 1155 4239 criscecum]

198 4251 251 4300 lis!
287 4250 340 4299 Mr.
355 4245 453 4314 Sharpo
472 4250 597 4301 identifies
615 4249 667 4300 him
694 4249 831 4311 Paulinus,
841 4246 905 4295 with
921 4245 1015 4310 others,
1030 4259 1085 4295 was
1101 4249 1157 4294 sent
