3170 5054
243 540 312 586 nra.
330 523 370 601 1.]
463 536 577 585 cussa
601 535 728 584 nneuu
754 535 966 584 saoconna.
1151 523 1195 588 53

243 685 1193 774 ¹Saprric,Stret,Budecalech,²Piltunc,necineerum

239 792 393 873 capellis,
417 791 477 855 sed
500 811 564 855 nec
585 793 622 856 in
643 793 778 870 insulis,
801 793 918 875 aliqua
942 793 1192 861 interveniente

240 892 432 967 occasione,
449 893 631 974 episcopus
653 892 718 955 sibi
739 892 971 975 episcopalem
993 894 1191 980 cathedram

238 997 404 1068 statuere,
418 1011 482 1056 nec
502 992 662 1056 solennes
684 990 868 1070 celebrare,
884 1013 947 1057 nec
970 993 1191 1059 alteriacum

238 1109 386 1169 secrare,
423 1110 486 1155 nec
522 1091 686 1156 ecclesias
733 1090 902 1169 dedicare,
946 1112 1010 1156 nec
1054 1094 1191 1160 ordines

237 1188 363 1268 facere,
387 1211 450 1254 nec
472 1191 602 1274 aliquid
624 1191 763 1256 omnino
785 1191 969 1274 disponere
990 1202 1190 1275 praesumat,

238 1289 305 1354 nisi
327 1292 372 1354 ab
395 1291 533 1368 abbate,
556 1290 612 1356 vel
636 1311 658 1355 e
680 1289 844 1354 fratribus
868 1291 1022 1374 ejusdem
1047 1292 1115 1358 loci
1136 1295 1189 1359 in,-

237 1389 369 1456 vitatus
389 1390 503 1454 fuerit.
557 1389 660 1468 Quod
683 1391 714 1453 si
736 1389 781 1453 ad
802 1390 867 1454 boc
888 1399 1032 1456 vocatus
1045 1395 1190 1472 venerit,

238 1488 325 1552 nibil
340 1489 383 1554 de
405 1491 507 1553 rebus
531 1489 698 1566 ecclesiae,
720 1490 780 1553 sed
804 1510 867 1555 nec
889 1490 932 1554 de
955 1491 1041 1573 ipsis
1065 1493 1189 1557 oblati·

237 1590 361 1652 onibus
385 1589 459 1671 ipse
486 1589 552 1654 sibi
579 1589 709 1671 aliquid
733 1597 888 1672 usurpet,
912 1590 1025 1654 sciens
1054 1590 1189 1657 duobus

237 1689 274 1751 in
298 1688 383 1752 locis
411 1688 590 1772 exipsius
619 1689 773 1754 ecclesiae
800 1689 1074 1772 possessionibus
1102 1691 1189 1756 duas

239 1788 306 1852 sibi
330 1788 507 1871 delegatas
529 1789 738 1866 mansiones,
753 1809 859 1852 unam
887 1790 923 1853 in
947 1783 1119 1867 ³Piltuna,
1138 1792 1189 1854 al·

240 1895 350 1953 teram
373 1889 409 1952 in
431 1888 516 1954 villa
540 1908 618 1971 quae
632 1881 755 1953 4Poelt
770 1889 907 1966 dicitur,
927 1895 967 1952 ut
988 1889 1115 1954 habeat
1129 1892 1189 1955 ubi

239 1987 296 2052 vel
320 1987 505 2053 adveniens
527 1988 732 2071 hospitetur,
757 1988 814 2052 vel
845 1987 924 2052 inde
945 1990 1087 2054 veniens
1113 2009 1189 2055 sese

237 2088 393 2170 recipiat.
446 2088 570 2171 Neque
593 2089 685 2152 enim
708 2108 786 2151 eum
809 2089 869 2165 ibi,
893 2089 960 2152 nisi
985 2089 1189 2172 importuni-

237 2194 311 2251 tate
346 2189 509 2270 temporis
545 2195 607 2251 aut
644 2187 802 2251 molestia
837 2188 990 2270 corporis
1027 2189 1188 2253 detentus

236 2284 353 2363 suerit,
368 2294 429 2350 aut
443 2289 488 2352 ab
506 2288 631 2352 abbate
645 2287 702 2352 vel
723 2285 886 2351 fratribus
908 2294 1051 2369 rogatus
1073 2286 1188 2366 luerit,

237 2406 302 2450 nec
324 2387 471 2469 amplius
493 2406 597 2470 quam
618 2407 696 2451 cum
720 2387 829 2451 tribus
852 2394 915 2452 aut
936 2406 1015 2451 cum
1038 2395 1188 2470 quatuor
1236 2453 1241 2462 Δ

236 2485 370 2550 clericis
395 2494 597 2570 pernoctare
622 2487 714 2551 licet.
767 2486 848 2550 Hoc
869 2486 974 2551 etiam
999 2487 1188 2569 praevideat

237 2586 328 2650 idem
351 2589 545 2669 episcopus,
575 2593 615 2650 ut
643 2586 789 2668 singulis
803 2587 917 2652 'annis
947 2606 1025 2650 cum
1054 2586 1187 2651 clericis

235 2685 309 2749 suis
339 2687 399 2769 qui
426 2681 632 2750 ⁵Fontineto
660 2692 753 2762 sunt,
775 2687 887 2768 ipsam
909 2691 1054 2748 matrem
1088 2705 1187 2749 suam

237 2783 517 2850 Glastoniensem
540 2786 732 2863 ecclesiam,
747 2785 907 2849 videlicet
928 2783 1013 2848 feria
1036 2785 1188 2848 secunda

234 2893 315 2966 post
346 2885 593 2950 Ascensionem
623 2885 777 2961 Domini,
807 2903 885 2948 cum
910 2883 1040 2948 letania
1065 2903 1186 2966 recog-

234 2991 365 3048 noscat.
393 3015 396 3020 ·
418 2984 522 3063 Quod
541 2986 571 3049 si
592 2985 752 3066 superbia
777 2983 919 3059 inflatus
942 3002 1018 3047 eam
1036 2983 1186 3064 'distule-

236 3084 293 3161 rit,
325 3092 360 3148 et
387 3105 466 3168 quae
494 3085 650 3168 superius
683 3085 777 3147 dicta
802 3091 838 3148 et
866 3083 1070 3147 confirmata
1105 3092 1186 3150 sunt

235 3185 527 3264 praevaricaverit,
543 3184 739 3257 mansiones
755 3183 820 3246 sibi
836 3184 993 3265 superius
1008 3183 1185 3266 delegatas

234 3284 384 3349 amittat.
435 3282 556 3348 Abbas
572 3283 626 3348 vel
640 3283 800 3348 monachi
813 3302 835 3346 a
849 3302 1064 3365 quocumque
1087 3284 1185 3347 volu-

235 3383 337 3461 erint,
366 3384 425 3466 qui
457 3382 596 3447 Pascha
624 3384 828 3447 canonicum
857 3383 1017 3459 celebret,
1046 3381 1185 3446 ecclesi-

234 3482 346 3546 astica
367 3489 584 3546 sacramenta
607 3483 644 3545 in
660 3472 899 3564 Glastingensi
921 3482 1076 3556 ecclesia,
1099 3483 1186 3544 etin

235 3581 389 3646 ecclesiis
411 3582 477 3646 sibi
498 3581 656 3659 subditis,
676 3589 711 3646 et
732 3583 769 3644 in
791 3601 909 3646 earum
931 3580 1085 3662 capellis,
1107 3599 1185 3661 per-

162 3723 163 3726 *
234 3681 373 3763 cipiant.
447 3680 614 3764 Quisquis
650 3688 766 3744 autem
803 3680 906 3763 hujus
941 3678 1184 3750 munificentiae

232 3801 319 3844 meae
336 3790 372 3845 et
385 3781 601 3845 liberalitatis
617 3781 874 3857 testamentum,
887 3779 1009 3862 quovis
1024 3779 1186 3861 deinceps

232 3888 400 3963 tempore,
420 3880 537 3964 aliqua
560 3881 751 3956 occasione,
774 3879 959 3962 cujuslibet
981 3879 1086 3943 etiam
1109 3878 1185 3958 dig÷

271 4185 396 4250 wopau.
423 4188 697 4250 E.;Sapweie,D.M.
758 4185 873 4248 ⁴Poelt.]
891 4185 941 4244 E.;
956 4183 1068 4242 Wohell,
1079 4183 1164 4236 ΠΜ.

269 4254 400 4306 ’poam
429 4259 696 4319 E.;Wiltune,D.M.
756 4254 931 4318 ⁵Foatineto.]
949 4253 1188 4317 Wells,inscmer-

271 4323 419 4391 worma]
431 4328 480 4389 Ε.;
491 4328 615 4390 wiltune,
623 4328 697 4378 ΠΜ.
721 4326 835 4377 setsbire.
