3150 5046
425 503 492 568 318
647 520 763 569 unsri
786 518 914 570 nnouru
932 518 1149 568 unauonuu.
1234 503 1321 586 [mn.
1338 518 1378 568 11.

426 696 495 760 qne
521 695 648 760 parens
675 684 844 760 uterque:
879 684 979 760 pater
1001 675 1271 760 primogenitum
1303 697 1376 741 am-

426 776 654 860 plectebatur,
684 777 850 841 dictitans
881 796 1143 857 successurum
1180 784 1292 841 mater
1313 779 1378 840 mi-

368 909 370 914 ·
427 895 545 939 norem
570 876 723 952 fovebat,
749 877 817 953 cui,
840 883 876 940 et
900 877 930 940 si
954 897 1024 941 non
1052 895 1114 958 per
1141 883 1293 954 aetatem,
1317 897 1382 959 per

426 977 647 1065 prudentiam
679 983 772 1040 certe
811 996 957 1057 regnum
990 975 1183 1039 deberetur.
1237 976 1307 1054 Ita,
1339 983 1382 1041 ub

415 1082 509 1139 'sunt
535 1075 686 1139 foeminae
716 1077 753 1140 in
778 1075 917 1158 incepto
947 1076 1155 1158 pertinaces
1185 1093 1256 1139 non
1282 1076 1381 1159 prius

428 1175 565 1240 abstitit
591 1194 697 1257 quam
723 1193 842 1239 omnes
867 1174 984 1252 duces
1010 1175 1070 1257 qui
1094 1195 1202 1256 regno
1226 1175 1380 1239 Franco-

427 1294 504 1336 rum
519 1274 742 1351 famulantur,
763 1275 915 1356 praemiis
937 1281 973 1339 et
994 1274 1158 1358 pollicitis
1180 1275 1380 1356 ingentibus

427 1373 465 1437 in
478 1392 543 1436 sna
559 1381 643 1438 vota
657 1374 907 1438 transduceret.
960 1373 1137 1438 Henrious
1151 1394 1247 1456 ergo,
1263 1369 1378 1438 ¹max-

427 1473 496 1536 ime
516 1474 692 1537 annitente
710 1473 867 1538 Roberto
883 1473 1100 1551 Normanno,
1117 1481 1306 1538 coronatus
1327 1481 1381 1538 est

367 1586 369 1590 ’
427 1571 629 1655 priusquam
647 1572 750 1655 plane
767 1580 867 1656 pater
880 1567 1106 1656 ²expirasset.
1152 1573 1262 1657 Cujus
1275 1576 1381 1638 bene·

428 1671 498 1736 ficii
514 1672 699 1750 obnoxius,
712 1692 790 1736 cunr
804 1673 874 1750 ille,
889 1666 947 1736 ³nt
963 1673 1121 1756 superius
1138 1673 1225 1751 dixi,
1240 1673 1380 1738 Ieroso-

428 1769 557 1852 lymam
586 1773 665 1849 iret,
696 1771 910 1836 Willelmum
936 1771 1046 1835 filium
1081 1772 1157 1856 ejus
1196 1774 1379 1854 puerulum

428 1876 551 1934 oontra
578 1871 770 1936 desertores
796 1869 996 1935 enixissime
1019 1872 1125 1956 juvit.
1177 1869 1229 1935 At
1251 1873 1378 1950 Cnuto,

429 1976 629 2034 transcursa
644 1971 727 2036 vitae
750 1978 855 2048 meta,
871 1971 1094 2054 Scepthoniae·
1107 1963 1322 2052 *defunctus
1344 1979 1380 2036 et

428 2068 620 2134 Wintoniae
635 2071 792 2153 sepultus
807 2077 872 2134 est.

611 2262 659 2308 DE
681 2262 854 2310 HAROLDO
877 2263 973 2310 FILIO
996 2263 1190 2312 GNUTONIS.

479 2367 582 2452 §las
592 2363 710 2434 ⁵Anno
723 2370 916 2435 Dominioae
930 2372 1180 2435 incarnationis
1196 2371 1382 2434 millesimo

428 2469 602 2534 tricesimo
633 2476 735 2534 sexto
765 2463 976 2547 “Haroldua
1007 2489 1110 2552 quern
1146 2471 1240 2534 fama
1268 2469 1378 2533 filium

356 2597 359 2603 ¹
429 2567 600 2633 Cnutonis
632 2589 677 2632 ex
711 2569 784 2634 filia
815 2568 953 2633 Elfelmi
989 2569 1125 2632 comitis
1158 2569 1378 2652 loquebatur,

428 2670 591 2750 regnavit
628 2668 728 2732 annis
766 2676 916 2751 quatuor
946 2676 982 2732 et
1010 2670 1185 2733 mensibus
1221 2670 1377 2733 totidem.

430 2768 621 2850 Elegerunt
643 2787 721 2831 eum
736 2768 832 2832 Dani
850 2774 890 2832 et·
903 2768 1092 2832 Londoniae
1109 2769 1214 2845 civeS,
1231 2769 1291 2850 qui
1303 2769 1379 2852 jam

429 2887 518 2954 pene
541 2868 825 2931 inbarbarorum
858 2886 971 2931 mores
999 2875 1141 2950 propter
1164 2868 1379 2950 frequentem

429 2968 626 3031 convictum
649 2968 869 3030 transierant.
920 2964 1030 3048 Angli
1057 2967 1118 3030 diu
1146 2969 1379 3048 obstiterunt3

350 3141 354 3146 Ι
399 3149 400 3154 ¹
429 3067 543 3146 magis
568 3084 676 3128 unum
699 3085 744 3130 ex
758 3065 839 3130 filiis
856 3065 1046 3143 Ethelredi‚
1069 3067 1129 3148 qui
1150 3066 1187 3129 in
1205 3066 1379 3130 Norman-

466 3316 602 3370 ¹Martme
613 3320 758 3386 annitente]
775 3323 891 3374 aab.
916 3323 959 3372 the
983 3323 1103 3373 southern
1124 3323 1243 3374 division.
1282 3325 1314 3374 In
1337 3324 1380 3374 the

430 3391 463 3440 E.
475 3390 525 3450 L.;
544 3392 653 3443 maxime
665 3394 841 3455 annuente,S.
917 3407 979 3454 year
992 3396 1056 3441 1037
1069 3393 1168 3442 Harold
1179 3407 1234 3442 was
1250 3393 1380 3443 chosenro

466 3456 893 3526 'Expiroaset.]El.;expiraret,
917 3463 989 3524 reign
1012 3476 1072 3511 over
1093 3465 1129 3514 all
1151 3462 1278 3525 England.
1300 3462 1379 3530 (Flor.

430 3527 466 3578 A.
481 3531 511 3578 C.
523 3529 559 3578 D.
570 3530 595 3577 E
602 3533 626 3580 2.
638 3531 670 3580 L.
918 3528 1045 3594 Wigorn.)

465 3595 477 3628 ⁸
492 3599 527 3646 Ut
544 3600 656 3663 rapertus
674 3599 752 3663 utet]
772 3598 854 3666 §1⁷8,
865 3615 892 3662 p.
952 3597 1110 3662 ⁶Horolriaa,
1128 3613 1198 3663 qaam
1212 3601 1283 3661 sunta
1295 3601 1381 3666 fllium

350 3691 354 3700 ,
429 3668 752 3731 294,aud§180,p.304.
920 3671 1039 3719 Caatoota
1056 3685 1088 3718 ex
1101 3669 1161 3734 filia
1171 3671 1273 3730 Etfetmi
1284 3672 1380 3720 comitia

465 3734 643 3806 ⁴Dafuootaa]
657 3739 795 3788 Cnutdied
806 3754 839 3788 on
849 3739 893 3786 the
918 3739 1079 3802 loquelarum]
1096 3741 1186 3789 ‘Some
1208 3755 1265 3790 men
1281 3742 1339 3790 said
1355 3741 1384 3790 οἰ

431 3807 491 3855 lath
503 3807 647 3858 November
657 3809 684 3856 in
694 3809 737 3857 the
748 3813 893 3870 yearldtt.
919 3809 1027 3870 Har-old,
1046 3809 1101 3858 that
1117 3809 1148 3858 he
1158 3825 1214 3860 was
1232 3810 1275 3859 the
1293 3825 1339 3859 son
1355 3811 1385 3860 oi

430 3875 504 3943 (Sex.
517 3875 612 3927 Ohron.
623 3878 674 3926 and
688 3879 755 3928 Flor.
767 3874 894 3941 Wigorn.)
919 3879 987 3927 Cnut
1008 3878 1059 3928 and
1079 3877 1174 3941 Eligir'e
1192 3880 1236 3928 the
1255 3879 1382 3942 daughter

465 3943 476 3975 ⁵
487 3945 559 3994 Anao
570 3947 706 3996 Dmoiaieoe
718 3947 894 3996 incantationis
918 3947 947 3996 oi
953 3947 1056 4010 Ellehn,
1066 3949 1228 4009 ealdorman3
1239 3949 1285 3997 but
1295 3951 1317 3998 it
1326 3963 1382 4000 was

430 4015 556 4064 millesimo
572 4017 693 4066 tricesimo
709 4011 802 4084 sexta]
819 4016 895 4066 After
918 4017 1026 4080 thought
1036 4033 1098 4079 very
1108 4018 1247 4067 incredible
1261 4019 1296 4079 by
1306 4033 1383 4082 many

429 4085 473 4132 the
491 4085 568 4133 death
584 4087 614 4134 οἰ
630 4085 700 4136 Gnut
713 4087 755 4135 the
771 4086 893 4148 kingdom
919 4088 994 4136 men!
1019 4087 1092 4153 (Sax.
1114 4084 1220 4152 Chron.)
1261 4089 1382 4138 Florenoe

429 4167 485 4202 was
503 4159 530 4202 at
544 4155 598 4204 first
609 4156 729 4205 divided:
746 4155 789 4204 the
809 4156 894 4204 north·
920 4161 999 4206 states
1010 4157 1066 4206 that
1078 4157 1173 4220 Elgiso,
1183 4162 1228 4206 not
1238 4159 1314 4218 being
1324 4159 1382 4208 able

429 4237 475 4270 ern
492 4225 695 4284 partfelltothe
711 4226 826 4274 shareoi
838 4226 901 4274 Ha·.
919 4231 944 4274 to
962 4228 1025 4275 bear
1044 4227 1086 4276 the
1105 4227 1169 4289 king'
1187 4241 1203 4276 a
1220 4243 1274 4288 son,
1288 4229 1383 4288 passed

430 4291 495 4355 told,
517 4293 568 4342 and
595 4295 747 4346 Hardacnut
774 4296 892 4346 obtained
919 4296 1371 4358 uponhimthe'childoiacobbler.
