3150 5046
426 506 493 570 ast
644 520 757 568 ccsra
782 521 909 569 ancora
933 521 1149 569 auctorum
1239 507 1325 587 [mn
1343 521 1381 566 ιι.

429 677 593 742 ferociam
620 675 783 754 eluserat,
810 675 907 740 nullo
933 674 1115 741 conamine
1140 683 1180 740 ut
1198 682 1383 760 stuppeum

431 776 606 843 vinculum
621 775 763 857 dirupit.
809 775 1019 858 Operculum
1034 777 1139 840 etiam
1153 779 1282 840 tumbae
1297 777 1385 858 pede

432 876 590 959 depulit3
614 875 934 958 apprehensamque
949 896 1067 954 manu,
1081 876 1197 958 palam
1212 875 1385 953 omnibus

434 977 479 1040 ab
513 975 659 1039 ecclesia
694 977 871 1040 extraxit:
900 976 960 1039 ubi
988 996 1062 1059 prae
1092 976 1224 1040 foribus
1264 994 1386 1058 equus,

435 1077 534 1157 niger
555 1082 591 1138 et
610 1076 791 1156 superbae,
814 1074 972 1140 hinniens
988 1076 1181 1153 videbatur,
1197 1076 1296 1139 uncis
1318 1074 1387 1138 fer-

436 1176 505 1238 reis
535 1194 596 1257 per
626 1180 737 1237 totum
764 1180 900 1256 tergum
927 1175 1252 1257 protuberantibus;
1283 1193 1389 1257 super

437 1294 527 1357 quos
545 1275 672 1338 misera
685 1274 861 1357 imposita,
881 1295 965 1338 mox
977 1276 1022 1339 ab
1036 1276 1146 1339 oculis
1167 1275 1388 1354 intuentium,

439 1394 518 1438 oum
544 1380 618 1438 toto
645 1373 806 1438 sodalitio
835 1374 1015 1456 disparuit.
1068 1373 1311 1444 Audiebantur
1332 1383 1388 1438 ta-

308 1485 314 1495 ·
440 1493 520 1538 men
546 1473 713 1538 clamores
740 1493 803 1556 per
824 1481 975 1556 quatuor
996 1473 1068 1538 fere
1096 1474 1259 1539 milliaria
1285 1475 1388 1538 mise-

440 1573 568 1638 rabiles
587 1573 766 1655 suppetias
788 1574 932 1638 orantis,
986 1573 1063 1637 Ista
1085 1573 1299 1638 incredibilia
1320 1593 1391 1637 non

438 1673 610 1758 judicabit
637 1673 698 1755 qui
725 1673 849 1754 legerit
869 1673 963 1737 beati
986 1666 1167 1754 ¹Gregorii
1189 1674 1390 1754 Dialogum,

443 1773 504 1856 qui
527 1772 631 1836 refert
652 1773 690 1835 in
712 1779 836 1855 quarto
862 1773 950 1837 libro
975 1792 1130 1855 nequam·
1148 1773 1331 1850 hominem,
1354 1774 1392 1836 in

443 1872 590 1937 ecelesia
616 1872 802 1954 sepultum,
827 1892 849 1936 a
870 1872 1085 1936 daemonibus
1110 1873 1204 1937 foras
1229 1872 1390 1955 ejectum.

445 1970 551 2054 Apud
578 1971 733 2035 Francos
759 1991 896 2054 quoque
923 1991 993 2036 non
1021 1973 1127 2036 semel
1150 1972 1307 2036 auditum
1338 1979 1392 2036 est

443 2071 539 2153 quod
552 2070 687 2136 dicam:
713 2070 885 2135 Karolum
905 2071 1108 2135 Martellum
1129 2071 1275 2153 insignis
1295 2071 1393 2135 lorti-

445 2170 576 2234 tudinis
595 2170 720 2246 virum,
743 2171 803 2252 qui
826 2171 1029 2248 Saracenos,
1045 2170 1181 2235 Gallias
1205 2171 1393 2253 ingressos

447 2268 657 2351 Hispaniam
676 2268 786 2332 redire
810 2271 988 2353 compulit,
1011 2272 1145 2334 exactis
1174 2271 1294 2334 diebus
1321 2271 1393 2334 suis

446 2369 483 2433 in
506 2368 652 2434 ecclesia
676 2369 790 2433 sancti
811 2369 974 2453 Dionysii
999 2371 1194 2452 sepultum3
1217 2371 1289 2448 sed,
1313 2371 1396 2452 quia

447 2468 657 2552 patrimonia
677 2469 829 2534 omnium
854 2489 942 2552 pene
968 2471 1255 2536 monasteriorum
1271 2468 1398 2533 Galliae

448 2588 513 2652 pro
537 2568 692 2633 mercede
720 2569 992 2634 commilitonum
1019 2570 1253 2646 mutilaverat,
1278 2569 1397 2633 visibi-

448 2669 562 2734 litera
578 2667 740 2749 malignis
762 2668 940 2750 spiritibus
963 2689 982 2733 e
1005 2669 1187 2751 sepulchro
1204 2670 1398 2750 abreptum,

448 2767 494 2832 ad
518 2767 608 2832 hanc
632 2767 723 2834 diem
753 2787 924 2850 nusquam
949 2768 1074 2833 visum.
1127 2769 1287 2850 Denique
1311 2768 1397 2831 illud

449 2868 640 2932 revelatum
655 2865 900 2932 Aurelianensi
922 2867 1097 2950 episcopo,
1119 2875 1155 2932 et
1176 2887 1238 2950 pcr
1262 2887 1340 2931 eum
1362 2869 1399 2930 in

450 2967 575 3049 vulgus
592 2968 809 3033 seminatum.

588 3157 635 3203 on
658 3155 808 3204 ausano
831 3154 982 3204 suarum
1004 3156 1265 3204 comunnosro.

385 3287 398 3316 ο
502 3262 611 3345 §aaa
634 3263 766 3328 Verum
795 3270 836 3326 ut
860 3262 1010 3328 Romam
1031 3269 1196 3327 revertar.
1236 3261 1402 3346 Ejusdem

317 3338 416 3418 ‘lm‘la
453 3364 550 3428 urbis
572 3363 671 3441 civis,
686 3357 872 3445 ²ephoebus
887 3369 1004 3438 aetate,
1021 3362 1175 3444 locuples
1190 3362 1325 3444 opibus,
1341 3381 1402 3444 ge·

455 3483 537 3528 nere
566 3463 741 3528 senatorio
769 3461 937 3540 sublimis,
959 3456 1124 3526 ³uxorem
1151 3461 1288 3526 noviter
1313 3463 1403 3527 dux·

455 3570 550 3643 erat;
575 3563 750 3627 sodalibus
775 3562 847 3626 suis
867 3562 1000 3640 accitis,
1024 3562 1222 3627 convivium
1241 3561 1404 3643 frequens

454 3669 651 3744 paraverat.
703 3661 792 3748 Post
814 3661 941 3739 cibum,
969 3681 1047 3726 oum
1075 3661 1318 3726 minutioribus
1340 3679 1403 3743 po-

455 3762 542 3825 culis
567 3761 778 3825 hilaritatem
804 3760 1024 3838 invitassent,
1052 3762 1090 3825 in
1117 3779 1275 3844 campum
1299 3760 1404 3846 prod-

455 3868 550 3938 eunt,
571 3868 611 3924 ut
635 3866 797 3925 oneratos
820 3861 967 3943 dapibus
997 3859 1194 3924 stomachos
1217 3859 1273 3924 vel
1298 3860 1404 3936 saltu,
1452 3937 1456 3942 Ι

489 4093 917 4157 ¹Gregoriibaagm...aqumo
977 4090 1143 4156 'proebus.]
1168 4092 1280 4144 Glosscd
1298 4094 1325 4142 in
1342 4092 1365 4141 A
1381 4098 1405 4142 1.

454 4166 539 4229 libra]
555 4165 636 4226 Many
648 4165 745 4214 similar
755 4165 861 4226 legende
873 4177 916 4212 are
941 4163 1108 4212 ‘Lucienus'

453 4235 614 4284 tobefound
631 4236 658 4283 in
676 4234 719 4284 the
731 4235 874 4296 Dialogues
891 4233 920 4282 of
976 4231 987 4262 ³
1009 4233 1138 4296 Uxorem]
1160 4232 1271 4284 Glossed
1294 4233 1321 4282 in
1343 4231 1404 4282 Ar.

454 4306 579 4368 Gregory.
941 4303 1120 4364 ‘Bugoniam'
