3170 5054
213 535 282 585 um.
299 518 341 599 a]
438 534 551 580 unsri
575 533 702 581 aucun
726 533 938 582 nuceouun.
1121 519 1165 584 83

209 697 370 772 quateret
395 691 530 769 vitalia,
556 692 651 755 socio
677 691 722 755 ad
753 711 791 755 se
822 691 937 756 delato
968 693 1043 756 solo
1070 701 1164 774 ,nutu

210 791 393 856 valedixit.
445 792 513 855 Sed
539 811 602 855 uec
627 791 686 855 ille
713 793 937 874 praestantius
965 793 1077 856 valuit
1109 813 1163 856 re-

210 890 359 972 pendere
376 889 538 969 officium,
564 897 687 972 utpote
712 892 772 973 qui
790 892 1070 975 propinquiorem
1088 901 1163 958 teu-

210 989 314 1055 debat
328 990 372 1054 ad
387 992 533 1068 exitum,
550 1010 631 1054 uam
647 997 728 1054 ante
740 991 967 1054 Benedictum
981 992 1163 1056 defunctus

210 1097 275 1154 est.
327 1089 503 1154 Successit
523 1090 732 1168 chelfridus
758 1091 822 1154 sub
848 1111 917 1173 quo
942 1111 998 1154 res
1024 1112 1161 1156 monas-
1174 1112 1282 1154 abac.

209 1190 288 1253 terii
304 1190 341 1253 in
358 1191 563 1253 immensum
575 1197 699 1253 auctae.
737 1189 787 1267 Is,
800 1210 878 1254 cum
889 1191 1052 1256 diuturno
1064 1193 1160 1259 senio

209 1289 349 1354 vivendi
375 1291 612 1354 renunciasset
637 1289 819 1366 desiderio,
846 1290 996 1355 Romam
1014 1292 1065 1357 ire
1082 1312 1160 1374 per·

208 1389 314 1466 rexit,
332 1390 474 1453 senilem
492 1391 655 1467 animam,
673 1397 713 1454 ut
723 1391 897 1472 sperabat,
915 1391 1064 1455 dominis
1075 1392 1159 1455 effu-

209 1507 311 1552 surus
341 1490 531 1570 apostolis;
566 1489 639 1566 sed,
667 1491 758 1552 enim
785 1491 859 1554 voti
879 1490 1003 1554 effectu
1025 1511 1158 1570 carens,

208 1596 343 1652 naturae
369 1589 522 1653 debitum
543 1583 653 1673 ¹apud
675 1588 843 1670 Lingonis
865 1591 1042 1654 civitatem
1070 1591 1157 1656 iniit.
1172 1611 1280 1652 euna

209 1687 382 1771 Reliquiae
407 1690 539 1754 ossium
565 1689 814 1772 posterioribus
840 1689 940 1752 amris
959 1689 1003 1753 ad
1021 1709 1159 1754 monas-

208 1788 334 1850 terium
360 1808 472 1866 suum,
498 1788 621 1852 deinde
655 1788 800 1854 Danicae
835 1795 990 1871 tempore
1023 1783 1159 1853 ²vasta-

208 1887 326 1966 tionis,
360 1906 438 1950 cum
472 1889 608 1952 ossibus
642 1889 753 1952 beatae
788 1886 908 1952 Hildae
940 1887 1160 1956 Glastoniam

207 1993 368 2069 portatae.
434 1987 572 2052 Horum
605 1976 770 2052 abbatum
802 1989 964 2068 gratiam,
991 2008 1070 2070 quae
1097 2010 1159 2072 per

207 2105 245 2148 se
262 2087 350 2150 satis
367 2087 507 2165 eminet,
525 2089 732 2171 conspicuus
749 2087 909 2151 alumnus
926 2108 1044 2153 eorum
1062 2089 1160 2154 Beda

210 2185 246 2249 in
277 2186 548 2278 splendidiorem
573 2187 815 2252 excellentiam
840 2195 954 2269 urget,
988 2188 1159 2270 siquidem

206 2286 376 2368 scriptum
390 2288 449 2364 sit,
459 2292 469 2322 ‘
480 2281 623 2351 ³Gloria
633 2287 756 2370 patris,
774 2286 867 2350 filius
884 2289 1051 2371 sapiens;'
1065 2289 1157 2371 quod

205 2385 295 2448 alter
312 2405 390 2449 eum
406 2386 678 2465 monachaverit,
689 2380 1016 2452 alter⁴educaverit
1054 2387 1158 2466 Quod

205 2486 289 2567 quia
305 2486 381 2567 ipse
399 2486 497 2550 Beda
522 2507 585 2571 pro
611 2485 814 2569 compendio
839 2489 973 2551 notitiae
998 2489 1158 2572 subjecit,

206 2605 343 2649 omnem
371 2586 480 2650 vitam
513 2607 612 2651 suam
636 2581 806 2670 ⁵quodam
838 2588 975 2668 epilogo
1002 2607 1158 2671 compre-

204 2684 370 2763 hendens,
382 2686 493 2768 ipsius
509 2689 617 2752 verba
627 2687 737 2750 lector
751 2679 1016 2767 ⁶recogn0scere
1027 2687 1155 2764 licebit,

205 2804 248 2848 ue
276 2787 362 2848 meis
390 2788 618 2864 sermonibus,
645 2787 701 2851 vel
729 2786 807 2867 plus
836 2786 891 2849 vel
919 2786 1045 2862 minus,
1079 2787 1157 2868 ipsa

205 2903 306 2948 novae
331 2884 451 2949 formae
472 2886 640 2968 procudat
666 2886 867 2950 necessitas.
898 2941 901 2947 Α
921 2883 983 2950 Ait
1000 2904 1084 2967 ergo
1101 2877 1157 2949 ⁷in

205 2982 273 3046 fine
303 2984 558 3050 Ecclesiasticae
574 2985 769 3067 Anglorum
797 2985 978 3061 Historiae,
1000 2985 1055 3049 vir
1082 2993 1156 3049 tum

206 3083 242 3145 in
260 3085 394 3148 caeteris
412 3091 486 3148 tum
503 3085 539 3149 in
561 3085 626 3150 hoc
647 3084 843 3162 laudabilis,
861 3084 954 3167 quod
975 3086 1030 3148 vel
1048 3105 1157 3168 quan-

204 3182 452 3266 tulamcunque
469 3186 524 3249 sui
546 3185 779 3267 cognitionem
803 3185 1001 3268 posteritati
1018 3205 1088 3249 nou
1104 3186 1176 3248 iu·‘

207 3282 352 3360 viderit:

259 3382 276 3466 §
297 3383 352 3447 55.
376 3382 488 3447 ‘Haec
499 3383 542 3446 de
561 3383 706 3448 bistoria
723 3385 994 3459 Britanniarum,
1006 3383 1157 3450 Domino
1172 3405 1246 3445 uera
1263 3417 1297 3444 20-

1171 3461 1235 3495 count
1248 3458 1272 3495 ot*

1172 3506 1263 3546 himself.

242 3549 338 3614 ¹Apud
369 3552 490 3614 Liagoais
521 3549 667 3622 ciuitatem]
728 3552 882 3614 fiQantara]
917 3554 946 3602 G.
966 3553 1001 3602 D.
1013 3555 1046 3602 E.
1058 3553 1089 3602 L.
1101 3551 1158 3616 M.;

205 3620 329 3683 Laugres,
351 3623 378 3670 in
400 3623 442 3671 the
465 3623 623 3684 department
644 3624 673 3672 oi
693 3624 815 3687 brevi,A.
829 3623 858 3673 S.

205 3690 312 3808 [lipperF
306 3693 406 3773 Marna,
415 3693 456 3741 the
464 3691 558 3770 capital
568 3693 598 3741 of
606 3695 670 3743 Bas·
729 3715 740 3748 a
751 3711 951 3784 Momm]
978 3717 1013 3766 D,
1033 3718 1091 3777 Md
1119 3731 1158 3766 re,

204 3773 440 3898 “blasti
459 3832 532 3880 rs.
545 3832 580 3882 a.
593 3832 669 3882 aa.

207 3899 264 3962 M.;
280 3901 448 3950 infestationis
464 3903 501 3950 cel
515 3902 671 3964 vastationis,

209 3970 239 4018 C.
731 3965 741 3996 ⁷
756 3969 784 4016 la
795 3967 849 4032 fiae
866 3965 1043 4014 Ecclesiasticae
1064 3965 1157 4026 Angla·

242 4035 352 4088 ³Glorio
361 4041 450 4103 putris,
462 4039 537 4104 filius
555 4040 672 4102 sopiens]
697 4053 751 4087 ram
774 4034 918 4097 Horam]
955 4035 1011 4084 Lib.
1030 4049 1054 4082 v.
1072 4049 1095 4084 c.
1114 4037 1157 4095 24,

207 4108 289 4158 Filius
308 4111 410 4169 sapiens
429 4105 549 4159 laetilieat'
567 4114 672 4172 patrem.
697 4109 782 4170 §aaa
820 4106 889 4154 Edit.
912 4104 987 4163 Engl.
1008 4104 1077 4153 Hist.
1100 4103 1157 4152 Soc.

206 4178 284 4228 Prov.
296 4194 323 4228 x.
336 4184 365 4239 l;
383 4195 425 4230 xv.
438 4184 478 4230 20.
697 4178 778 4226 There
789 4173 1158 4225 areaiewverbalvariations

243 4245 254 4274 ⁴
265 4249 435 4313 Educaoerit.]
454 4251 483 4300 C.
493 4251 528 4298 D.
537 4251 569 4300 E.
578 4251 610 4300 L.
617 4247 656 4300 M.
666 4265 673 4310 ς
699 4249 813 4296 between
825 4245 866 4294 the
877 4248 931 4293 text
942 4242 971 4292 of
985 4244 1160 4305 Malmesbury

209 4333 266 4366 eum
278 4319 476 4382 educaveritri.
489 4320 518 4369 S.
698 4317 749 4367 and
760 4317 841 4366 Beda.

695 3792 838 3850 eognoscat,
855 3785 888 3837 A.
907 3786 936 3837 S.
955 3787 984 3838 C.
996 3788 1044 3849 L.;
1071 3801 1158 3850 recog·

695 3859 785 3920 noscit,
796 3859 828 3906 E.

967 4388 1008 4432 aa
