3190 5060
206 529 275 577 nin.
292 513 333 593 1.]
426 528 540 576 susm
565 527 690 576 aneon
716 521 932 575 anchorum:
1095 512 1161 577 109

206 687 469 754 abrenunciaret
479 678 498 749 t*
512 685 613 768 cnjus
629 684 708 748 fidei
725 677 929 768 participem
945 677 1160 766 provinciam
1230 699 1232 705 ·

206 807 318 864 suam,
343 786 517 850 arridente
541 785 638 867 regni
667 786 865 862 serenitate,
893 804 1012 849 socero
1036 784 1160 847 suffra·

207 893 323 969 ganto,
340 887 453 950 facere
469 891 701 968 procurasset,
718 885 788 968 nisi
802 893 873 948 tam
891 884 975 948 laeta
990 885 1162 966 principia

206 1007 311 1063 mors,
337 1007 400 1068 per
430 985 574 1048 insidias
605 986 738 1061 uxoris,
762 992 802 1048 nt
823 984 961 1061 dicitur,
984 985 1160 1061 festinata,
1173 1004 1281 1045 anea.

206 1087 423 1150 succideret·
445 1077 562 1148 ¹Tunc
578 1104 722 1167 regnum
734 1084 872 1148 Oswins
887 1086 1052 1168 suscepit,
1067 1085 1160 1166 quod

207 1187 283 1263 sibi,
303 1194 339 1249 et
354 1186 510 1250 victoriae
535 1185 571 1248 in
595 1191 742 1268 patrem,
768 1191 803 1248 et
827 1183 1005 1248 affinitatis
1019 1184 1099 1266 jure
1125 1185 1161 1247 in

208 1285 329 1363 filiurn,
346 1293 540 1367 competere
551 1285 745 1349 videbatur.
778 1284 846 1348 Sed
861 1285 1064 1348 animositas
1080 1301 1160 1366 pro·

209 1385 408 1449 vincialium
424 1379 515 1449 ²non
531 1385 625 1448 ultra
640 1384 826 1448 triennium
841 1384 956 1466 potuit
971 1384 1060 1447 ferre
1082 1404 1160 1466 reg-

209 1493 350 1549 nantem
364 1507 372 1565 3
390 1485 547 1568 expulsis
560 1485 651 1548 enim
667 1485 742 1569 ejus
752 1483 909 1560 ducibus,
920 1477 1160 1567 ³Wulferoque

209 1584 339 1649 Pendae
356 1585 427 1649 filio
445 1585 481 1647 in
507 1605 608 1648 omen
624 1586 722 1666 regni
739 1583 943 1662 acclamato,
965 1583 1161 1649 libertatem

207 1687 347 1769 recepit.

262 1785 350 1868 576.
368 1783 566 1862 wulferus,
589 1803 632 1847 ne
661 1803 757 1867 spem
782 1783 910 1848 civium
934 1783 1082 1862 falleret,
1107 1803 1160 1848 se·
1174 1809 1285 1856 numen,

209 1883 291 1948 dnlo
322 1893 494 1966 satagere,
520 1885 656 1966 magnis
682 1891 717 1948 et
741 1884 848 1947 animi
872 1891 907 1947 ct
932 1885 1086 1966 corporis
1108 1885 1161 1949 vi·
1174 1859 1283 1900 mm

210 1985 319 2062 ribuS,
348 1984 467 2048 utilem
500 2004 537 2048 se
566 1985 756 2067 principem
787 1991 982 2047 ostentare:
1015 1985 1162 2068 denique

209 2083 505 2149 christianitatem
522 2085 585 2149 vix
601 2085 636 2147 in
652 2103 760 2165 regno
785 2103 849 2146 sno
870 2083 1111 2166 palpitantem,
1126 2093 1162 2149 et

208 2204 271 2266 per
286 2186 427 2249 fratrem
443 2185 626 2261 initiatam,
642 2184 761 2248 favore
771 2202 834 2247 suo
845 2185 1043 2248 enixissime
1052 2184 1162 2268 juvit.

210 2283 337 2348 Primis
353 2285 424 2348 sere
440 2285 540 2347 annis
556 2304 578 2347 a
594 2303 675 2366 rege
691 2283 991 2348 West-Saxonum
1007 2286 1161 2366 graviter
1225 2299 1229 2304 ’

210 2384 371 2462 afflictus,
386 2377 625 2466 “sequentibns
642 2383 777 2448 consilii
792 2384 980 2448 vivacitate
996 2385 1160 2468 injuriam
1172 2407 1226 2447 no.
1238 2408 1284 2447 ra.

209 2484 428 2568 propulsanS,
453 2485 558 2548 ctiam
582 2484 696 2566 ipsum
712 2482 851 2547 Wehtae
868 2482 992 2548 insulae
1008 2484 1160 2548 dominio

210 2585 405 2664 mutilavit3
444 2583 668 2667 eandemque,
700 2583 788 2646 ritus
828 2583 1016 2666 sacrilegos
1049 2583 1161 2648 adhuc

207 2685 441 2762 anhelantem,
459 2683 503 2746 ad
528 2691 661 2748 rectum
685 2682 859 2746 tramitem
882 2683 1075 2760 inflectens,
1092 2704 1161 2748 non

209 2785 319 2848 multo
343 2792 423 2867 post
447 2779 520 2866 regi
535 2782 752 2848 Australium
777 2782 956 2845 Saxonum
973 2782 1161 2846 Ethelwal·

209 2881 281 2961 hio,
307 2904 409 2967 quem
434 2885 470 2948 in
493 2884 666 2967 baptismo
698 2889 909 2965 susceperat,
936 2883 1051 2964 gratia
1081 2882 1161 2958 fidei

209 2983 315 3048 dedit.
366 2984 500 3050 Verum
534 2985 709 3048 enimvero
749 2982 834 3060 haec,
870 2989 906 3046 et
945 3001 1161 3066 quaecnnque

209 3083 285 3168 ejus
316 3085 420 3163 bona,
450 3083 561 3148 inficit
592 3091 628 3148 et
658 3083 820 3165 deprimit
851 3083 968 3164 gravis
1006 3083 1161 3147 simoniae

208 3191 304 3262 nota,
343 3184 436 3267 quod
467 3183 598 3266 primns
638 3203 760 3264 regum
791 3179 987 3263 Anglorum
1025 3202 1161 3246 sacrum

206 3285 449 3367 episcopatum
470 3283 661 3349 Londoniae
677 3277 832 3346 ⁵cnidam
848 3281 964 3348 Winae
978 3284 1161 3348 ambitioso
1173 3302 1227 3342 nn.
1237 3304 1282 3344 aa

209 3385 408 3449 venditarit.
462 3383 599 3447 Habuit
614 3384 650 3446 in
665 3382 885 3445 matrimonio
895 3381 1001 3445 filiam
1018 3382 1161 3445 Ercom·

244 3627 253 3660 ¹
270 3631 337 3678 Tunc
357 3645 460 3692 regnum
481 3629 579 3678 Oawiue
595 3645 673 3679 rusce-
696 3629 824 3678 Wuliheri
836 3629 1160 3693 succeededtothatking-

205 3700 267 3764 pit]
284 3699 359 3749 After
370 3701 460 3749 Penda
470 3714 525 3749 was
536 3701 672 3762 vanquish·
696 3699 844 3760 dom,A.D.
856 3703 913 3750 657.
1154 3703 1158 3708 ⁴

209 3770 242 3819 ed
265 3772 299 3830 by
321 3769 423 3832 Oswih,
444 3770 486 3819 the
509 3770 630 3832 kingdom
646 3770 676 3818 oi
731 3767 914 3832 *sequentibus
1001 3769 1096 3820 Wehtoe
1121 3769 1160 3818 ia·

206 3838 672 3903 Merciafellintohiahands3apor·
696 3841 756 3888 sulae
777 3841 882 3890 daniaio
903 3835 1051 3908 mutilavit]
1077 3839 1160 3889 Wulf·

206 3910 260 3958 tion
271 3909 300 3958 oi
306 3907 391 3968 which
408 3910 440 3959 he
457 3911 588 3960 bestowed
603 3926 672 3972 upon
696 3909 751 3959 heri
775 3910 891 3960 defeated
913 3911 1077 3972 Cynewealh,
1096 3911 1160 3974 king

210 3980 308 4040 Peada,
326 3979 391 4028 after
400 3980 487 4030 whose
504 3980 581 4040 death
597 3981 618 4029 it
634 3996 673 4029 re-
696 3979 725 4028 oi
741 3981 858 4043 wasser,
876 3980 946 4029 A.D.
959 3984 1027 4039 6613
1049 3981 1100 4028 and
1116 3980 1160 4028 be·

208 4049 295 4098 verted
306 4054 331 4097 to
343 4049 444 4101 Oswih.
697 4050 793 4099 stovmd
815 4051 857 4099 the
875 4051 922 4098 isle
941 4049 971 4097 oi
984 4050 1072 4110 Wight
1091 4064 1160 4110 upon

243 4115 254 4148 ²
277 4120 335 4168 Noa
356 4121 423 4169 altro
444 4118 600 4183 triennium]
625 4119 672 4167 See
696 4119 862 4168 Aethiluualh
875 4118 1015 4181 oiSussex,
1028 4118 1160 4168 foi-whom

210 4189 292 4248 Beda,
302 4190 348 4240 lib.
361 4203 402 4240 111.
413 4206 436 4240 c.
448 4194 490 4252 24,
500 4191 514 4252 §
525 4193 582 4239 224.
697 4189 728 4238 he
740 4188 791 4237 had
802 4189 873 4238 stood
890 4189 916 4236 in
933 4188 1052 4250 baptism.
1088 4188 1161 4256 (San,

244 4254 448 4330 tuscumque]
473 4261 548 4322 Upon
571 4259 613 4308 the
630 4274 673 4308 ex·
698 4257 956 4320 Chron.A.D.6dl.)

208 4330 311 4391 pulsion
329 4330 359 4380 oi
374 4329 546 4380 Oswihfrom
567 4329 674 4391 Mercia,
733 4327 859 4378 ⁵Cuidom
869 4327 1161 4394 Winoe.]Wini,bishop
