3170 5054
255 675 351 717 Aieount
359 673 383 713 ol
393 673 395 678 '

256 726 405 773 Glnrtonbnry.

414 481 459 547 34
610 491 754 539 -cnsrn
778 489 904 537 nncuu
929 475 1158 536 suenorum·
1238 471 1367 551 [orni.

417 649 493 707 toto
507 639 688 704 cohorreat
702 647 857 721 corpore.
909 635 1037 702 Nullus
1053 637 1147 700 intra
1165 634 1369 715 ‘contiguum

418 740 623 806 cimiterium
658 739 714 803 vel
752 745 853 802 avem
885 736 1099 800 venatoriam
1129 734 1283 809 advexit,
1313 733 1370 796 vel

420 837 659 924 quadrupedes
687 836 838 912 induxit,
867 835 927 917 qni
963 835 1018 898 sui
1045 833 1101 898 vel
1124 833 1174 897 rei
1201 850 1370 915 possessae

420 937 617 1020 indempnis
634 936 767 1000 abierit.
820 928 947 998 ¹Ferro
960 933 1016 997 vel
1033 951 1126 1014 aqua
1139 929 1373 1005 examinandi,

421 1039 451 1102 si
475 1037 666 1101 orationem
691 1035 739 1097 ibi
763 1033 1009 1116 deposuerunt,
1029 1050 1147 1096 omnes
1170 1049 1258 1113 qnos
1281 1047 1372 1111 prae·

421 1155 503 1202 sens
525 1134 689 1199 memoria
712 1131 964 1214 complectitur,
986 1151 1057 1195 uno
1079 1136 1240 1212 excepto,
1252 1128 1295 1192 de
1317 1146 1372 1190 sa·
1484 1151 1497 1172 ·

422 1237 496 1300 lute
517 1253 582 1297 sua
602 1232 845 1318 tripudiarunt.
897 1230 934 1294 Si
961 1230 1038 1310 quis
1054 1237 1081 1292 e
1095 1229 1209 1294 vicino
1234 1225 1374 1308 aliquod

425 1332 606 1398 aedificium
621 1330 805 1394 locandum
818 1334 987 1412 putasset,
1002 1327 1093 1411 quod
1114 1326 1375 1392 obumbratione

425 1451 489 1496 sua
502 1432 614 1496 lucem
635 1429 804 1516 invideret
823 1427 992 1504 ecclesiae,
1005 1426 1119 1509 patuit
1138 1426 1260 1490 ruinae:
1312 1423 1375 1486 Sa·

426 1532 540 1613 tisque
570 1535 707 1592 constat
731 1527 885 1591 homines
911 1527 1004 1589 illius
1031 1523 1217 1608 provinciae
1245 1522 1378 1586 nullum

427 1629 582 1695 sanctius
596 1627 653 1692 vel
677 1626 829 1692 crebrius
850 1625 1087 1708 juramentum
1109 1623 1248 1699 habere,
1273 1640 1377 1704 quam

427 1748 489 1811 per
515 1734 668 1792 veterem
706 1724 913 1804 ecclesiam3
951 1723 1038 1787 nibil
1069 1723 1180 1803 magis
1213 1721 1377 1796 vitantes,

428 1833 522 1890 metu
537 1825 657 1889 celeris
670 1823 845 1899 vindictae,
863 1841 966 1905 quam
979 1822 1146 1906 pejerare.
1185 1819 1378 1884 Labentem

428 1925 610 1990 veritatem
634 1923 803 1986 dictorum
834 1939 912 2002 quae
937 1919 1192 2003 proposuimus,
1219 1919 1258 1982 in
1290 1918 1378 1981 libro

430 2042 532 2105 quem
544 2022 588 2085 de
604 2021 812 2102 antiquitate
828 2019 982 2104 ejusdem
996 2018 1151 2085 ecclesiae
1166 2016 1378 2099 scripsimus,

344 2154 347 2159 ·
430 2141 494 2203 pro
509 2138 672 2184 successu
685 2128 867 2202 annorum,
883 2119 1088 2184 testimoniis
1104 2117 1294 2182 fulciemus

484 2219 573 2302 §2L
608 2217 753 2281 Interim
781 2218 898 2299 palam
928 2217 1057 2281 factum
1082 2224 1136 2282 est
1162 2215 1285 2280 merito
1314 2212 1382 2278 dici

432 2316 575 2384 coeleste
599 2316 755 2380 interris
778 2315 1012 2380 sanctuarium
1033 2322 1088 2380 tot
1108 2321 1307 2380 sanctorum
1327 2318 1381 2375 re·'

433 2414 671 2479 conditoriuma
747 2413 926 2492 Quantum
962 2434 1044 2479 vero
1080 2415 1112 2478 is
1146 2414 1243 2478 locus
1279 2411 1383 2476 fuerit

434 2515 538 2580 etiarn
566 2512 769 2596 primatibus
796 2514 919 2594 patriae
942 2513 1161 2589 venerabilis,
1188 2518 1228 2575 ut
1251 2510 1300 2574 ibi
1320 2528 1383 2592 po-

433 2612 605 2678 tissimum
620 2612 685 2674 sub
694 2613 908 2692 protectione
920 2611 988 2674 Dei
998 2610 1174 2692 genitricis
1184 2609 1382 2692 opperiren-

408 2753 413 2770 ,
434 2719 493 2774 tur
515 2711 605 2774 diem
630 2710 901 2786 resurrectionis,
928 2709 1030 2791 plura
1057 2717 1140 2774 sunt
1167 2709 1384 2783 documenta,

435 2810 559 2890 quibus
574 2827 638 2891 pro
652 2807 791 2872 cautela
806 2807 938 2872 fastidii
958 2808 1127 2874 abstineo.
1178 2807 1271 2872 Illud
1291 2805 1383 2888 quod

435 2927 524 2990 pene
549 2906 638 2970 clam
664 2905 824 2970 omnibus
850 2913 904 2970 est
926 2906 1073 2971 libenter
1098 2905 1332 2989 praedicarem,
1354 2903 1385 2967 ei

436 3006 617 3070 veritatem
632 3005 817 3086 exculpere
838 3023 988 3086 possem,
1002 3005 1084 3087 qnid
1106 3005 1176 3069 illae
1189 3002 1384 3087 pyramides

438 3104 504 3168 sibi
530 3103 649 3179 velint,
675 3121 766 3183 quae,
786 3103 972 3185 aliquantis
995 3102 1139 3185 pedibus
1169 3104 1213 3166 ab
1242 3101 1386 3166 ecclesia

437 3201 499 3264 illa
519 3200 656 3283 positae,
682 3201 884 3265 cimiterium
907 3199 1153 3264 monachorum
1176 3206 1387 3284 praetexunt.

440 3297 622 3363 Procerior
650 3318 745 3377 sane,
775 3307 811 3364 et
838 3299 1064 3382 propinquior
1089 3299 1255 3376 ecclesiae,
1283 3297 1389 3362 hebet

440 3398 592 3481 quinque
607 3398 796 3474 tabulatus,
812 3405 847 3462 et
863 3398 1080 3461 altitudinem
1093 3399 1219 3480 viginti
1233 3404 1312 3462 octo
1328 3416 1389 3478 pe-

439 3497 543 3560 dum:
567 3495 654 3574 haec,
670 3515 751 3578 prae·
767 3497 873 3560 nimia
896 3495 950 3560 sui
965 3503 1138 3562 vetustate
1162 3497 1227 3560 etsi
1254 3495 1390 3560 ruinam

440 3596 602 3672 minetur,
618 3595 723 3659 habet
737 3601 852 3659 tamen
870 3595 1087 3678 antiquitatis
1106 3595 1275 3659 nonnulla
1293 3613 1390 3676 spec-

442 3693 569 3767 tacula,
597 3711 675 3773 quae
699 3693 803 3775 plane
828 3703 974 3776 possunt
998 3694 1079 3775 legi,
1098 3693 1180 3757 licet
1200 3713 1269 3758 non
1291 3693 1391 3776 plene

441 3790 577 3871 possint
588 3789 748 3871 intelligi.
801 3791 845 3854 In
860 3792 1028 3875 superiori
1048 3791 1140 3856 enim
1158 3793 1319 3857 tabulatu
1340 3798 1394 3856 est

441 3889 557 3969 imago
582 3887 772 3969 pontificali
804 3888 978 3954 schemate
1006 3891 1110 3955 sacta.
1164 3890 1208 3953 In
1242 3889 1393 3954 secundo

478 4159 577 4211 ¹ch
595 4164 905 4227 calamaneumque]
941 4164 1092 4225 solemnity3
1119 4162 1162 4210 the
1183 4161 1261 4209 ritnal
1282 4174 1342 4221 may
1363 4161 1395 4208 be

443 4231 505 4278 This
522 4231 609 4280 ordeel
625 4233 776 4282 wasatrial
792 4233 821 4282 of
836 4238 907 4295 great
941 4247 1001 4284 seen
1011 4234 1038 4282 in
1048 4233 1177 4294 spelman,
1187 4245 1242 4279 voce
1253 4230 1396 4280 Orda-lium.
