3170 5054
216 511 285 561 era.
304 495 346 576 1.]
443 509 557 558 cesus
582 509 709 559 aucun
733 511 944 562 anauahen.
1125 498 1170 578 ,49

214 670 378 754 martyris
403 668 562 734 Indracti-
581 676 617 733 et
640 670 811 734 sociorum
834 670 910 754 ejus
935 689 1092 755 corpora,
1125 669 1168 734 de
1181 691 1310 734 amantor

213 771 290 836 loco
316 770 475 854 martyrii
504 770 687 847 translata,
711 769 819 853 jussit
847 770 976 835 inferri.
1030 770 1167 868 ,Ipsius

212 870 352 954 quidem
366 871 403 933 in
422 869 559 952 lapidea
577 871 756 952 pyramide
780 871 825 934 ad
844 871 1022 936 sinistrum
1046 871 1167 934 altaris

1181 743 1328 794 Glutanbury.

207 1098 254 1145 tris
261 1111 363 1158 quoque
370 1097 461 1146 diebus
467 1097 675 1160 insignissimum,
700 1097 825 1160 virginum
836 1098 937 1160 chorus,
948 1099 1053 1148 terrenis
1065 1099 1166 1149 deside·

209 1168 278 1228 quod
289 1168 316 1215 in
327 1168 438 1228 quodam
448 1168 557 1228 palustri
570 1181 674 1217 recessu
699 1167 746 1216 riis
761 1171 887 1231 castratis,
898 1183 1003 1230 superos
1020 1171 1165 1231 suspirabat

209 1239 360 1299 construxit,
370 1241 400 1286 ut
410 1237 508 1286 scilicet
518 1252 548 1286 eo
559 1239 674 1286 tenacius
700 1251 806 1288 amores.
827 1239 945 1288 Accessit
954 1241 1019 1288 sacri
1031 1239 1165 1290 caelibatus

207 1307 327 1368 supernis
343 1307 459 1356 monachi
475 1307 609 1368 inhiarent,
622 1322 674 1368 quo
700 1308 785 1357 studio
794 1309 1039 1358 librarumAldelmi
1054 1309 1095 1358 De
1106 1311 1164 1358 Vir·

208 1377 359 1438 castigatius
381 1381 480 1426 terrena
504 1378 586 1425 oculis
611 1376 674 1426 hau·
699 1378 804 1438 ginitete
835 1380 920 1442 lectio,
951 1380 1162 1442 Berkingensium

206 1446 294 1496 rirent.
330 1447 414 1495 Affuit
424 1447 529 1496 consilio
543 1452 616 1508 pater
627 1449 673 1496 Al·
699 1448 801 1507 quidem
813 1449 906 1497 nomini
917 1449 1044 1512 dedicata,
1055 1451 1101 1499 sed
1111 1465 1163 1498 om·

205 1517 674 1580 delmus,cujusillepraeceptaaudie·
698 1517 773 1566 nibus
792 1519 897 1567 eandem
915 1519 1094 1580 professionem
1117 1535 1163 1569 an-

206 1587 252 1635 bat
272 1587 410 1647 humiliter,
427 1587 583 1648 suscipiebat
600 1602 673 1650 grau·
698 1586 842 1638 halantibus
863 1588 981 1638 valitura.
1017 1590 1118 1638 Habuit
1136 1595 1163 1639 et

206 1657 282 1718 diter,
293 1657 449 1719 adimplebat
459 1657 580 1710 hilariter.
620 1659 673 1707 De·
698 1672 802 1706 uxorem
819 1659 1010 1721 Ethelburgam,
1031 1658 1162 1708 foeminam

204 1727 283 1788 nique
305 1731 331 1776 et
352 1727 514 1789 privilegium
535 1728 605 1788 quod
626 1743 672 1789 pro
698 1741 759 1776 sane
770 1729 834 1790 regii
846 1729 944 1790 generis
955 1732 981 1776 et
992 1728 1084 1789 animi;
1100 1742 1160 1788 quae

201 1797 319 1846 libertale
341 1797 547 1846 monasteriorum
569 1811 672 1846 suorum
697 1797 759 1846 dum
775 1799 862 1846 crebro
877 1798 926 1846 viri
941 1797 1075 1846 instillaret
1091 1800 1161 1846 auri·

204 1868 238 1914 ab
250 1867 388 1928 apostolico
399 1867 487 1930 Sergio
494 1868 672 1928 impetraverat
697 1867 745 1916 bus
761 1872 791 1916 ut
811 1867 945 1916 mundanis
965 1869 1041 1916 rebus
1060 1869 1100 1916 rel
1116 1883 1161 1932 en·

204 1936 287 1985 libens
304 1939 467 1998 confirmavit,
484 1942 510 1989 et
525 1939 605 1986 multa
618 1938 670 1987 Dei
695 1938 781 1986 tremis
797 1939 869 1992 annis¹
885 1936 1062 2000 valefacerent,
1073 1942 1099 1986 et
1115 1938 1158 1987 ille

205 2005 308 2056 famulis
324 2008 381 2069 ejus
396 2007 497 2062 hortata
514 2009 629 2070 contudit,
644 2013 670 2057 et
694 2007 833 2056 hortantem
845 2007 926 2056 dedic
938 2008 964 2056 in
975 2007 1042 2056 diem
1050 2007 1158 2070 differet,

205 2077 239 2125 ad
250 2081 390 2126 orhemum
401 2078 549 2138 episcopatu
560 2079 669 2127 reniten·
694 2081 752 2126 astu
762 2077 864 2126 tandem
874 2077 976 2126 vincere
986 2082 1069 2137 parat.
1092 2077 1157 2126 Cum

204 2150 255 2195 tem
271 2147 417 2207 honoravit;
439 2148 500 2195 licet
511 2148 588 2196 vitam
604 2149 668 2197 tanti
693 2147 759 2195 enim
777 2147 888 2208 quadam
906 2149 961 2196 vice
981 2147 1051 2208 apud
1069 2147 1157 2196 villam

203 2217 252 2264 viri
275 2217 369 2266 mundo
391 2218 442 2265 cita
458 2231 524 2266 mors
540 2218 667 2280 inviderit,
692 2217 788 2279 ingenti
814 2218 923 2266 tumultu
951 2217 1049 2278 regales
1076 2217 1156 2267 luxus

203 2286 247 2334 vix
264 2287 330 2335 enim
349 2287 422 2335 annis
439 2291 548 2347 quatuor
569 2288 667 2348 episco-
690 2287 883 2348 explicuissent,
897 2286 1019 2348 postridie
1035 2301 1093 2335 curn
1105 2287 1157 2336 dis·

202 2360 266 2416 patu
276 2356 380 2405 functus
391 2356 499 2404 animam
511 2357 577 2406 coelo
587 2357 667 2406 thuri·
690 2359 834 2420 cessissent,
840 2357 951 2417 villicus,
956 2371 988 2404 ex
996 2358 1090 2418 reginae
1097 2370 1156 2406 con·

201 2426 296 2488 licavit,
312 2441 377 2475 anno
393 2427 535 2476 Dominioe
552 2427 665 2477 incarne·
690 2427 805 2490 scientia,
820 2427 944 2487 palatium
961 2430 1057 2486 quanta
1073 2431 1156 2486 potest

202 2495 278 2545 tionis
285 2497 507 2560 septingentesimo
514 2511 586 2546 nono.
615 2498 666 2546 Fu·
690 2496 857 2558 deformitate,
875 2500 927 2544 tam
945 2495 1002 2543 limo
1020 2495 1157 2559 pecudum,

202 2571 277 2614 emnt
298 2568 343 2628 qui
369 2567 481 2615 dicerent
503 2581 561 2615 eum
585 2566 665 2617 fuisse
689 2581 766 2626 quam
786 2581 877 2629 aggere
895 2565 1025 2625 ruderum,
1040 2564 1156 2616 infamat.

201 2638 269 2696 regis
280 2642 396 2698 nepotem
407 2652 439 2686 ex
447 2638 572 2693 Keutenio
579 2637 665 2700 fratre,
691 2637 821 2685 Postremo
832 2637 858 2684 in
869 2636 934 2684 lecto
944 2635 990 2682 ubi
1001 2636 1151 2700 cubuerant,

201 2705 248 2753 sed
265 2721 315 2755 uon
331 2708 430 2771 placuit
451 2708 523 2755 nobis
545 2722 590 2768 pro
606 2723 665 2757 vero
690 2722 791 2767 porcam
807 2707 905 2754 uomter
919 2705 1021 2752 enixam
1038 2704 1153 2753 collocat.

199 2789 317 2838 arrogare
351 2773 420 2837 quod
453 2777 535 2838 magis
566 2777 666 2826 videtur
690 2775 800 2844 Interea,
817 2789 876 2825 cum
888 2776 943 2836 jam
960 2773 1020 2834 plus
1036 2773 1154 2822 milliario

200 2847 313 2907 opinioni
329 2847 438 2895 blandiri
451 2847 665 2908 volaticae,quam
690 2861 836 2906 processum
864 2847 939 2905 esset,
968 2842 1014 2891 illa
1035 2843 1153 2890 maritum

200 2916 333 2966 stabilitati
363 2917 495 2980 convenire
528 2917 664 2981 historicae,
689 2918 786 2965 uxoriis
805 2913 974 2964 delinimentis
996 2912 1153 2978 aggreditur,

199 2988 340 3046 praesertim
356 3002 414 3036 cunr
429 3001 554 3047 nusquam
571 2988 603 3035 ab
620 3003 664 3036 an-
688 2999 780 3047 rogans
802 2990 831 3034 ut
852 2985 914 3033 illuc
941 2982 1009 3032 unde
1038 2983 1153 3030 abierant

196 3056 663 3118 tiquoscriptumreperiatur,etChro·
688 3057 830 3105 necessario
836 3055 926 3115 pedem
933 3052 1056 3112 referant;
1067 3052 1153 3113 magui

198 3127 257 3174 nica
267 3127 352 3188 palam
363 3128 508 3189 pronuntiet
518 3128 591 3174 Inam
607 3129 662 3176 nul·
688 3124 840 3174 discriminis
856 3139 908 3173 rem
924 3122 987 3183 fore,
1003 3124 1025 3171 si
1042 3137 1092 3170 non
1108 3137 1153 3170 ex-

198 3195 251 3249 lum
267 3197 370 3246 fratrem
387 3197 506 3246 habuisse
517 3200 609 3257 praeter
620 3198 663 3245 In·
688 3195 785 3245 audiat.
820 3195 859 3242 Re
881 3207 930 3242 non
951 3192 1086 3241 difficulter
1105 3191 1152 3238 im-

197 3266 322 3329 igeldum,
341 3268 385 3328 qui
403 3268 493 3328 paucis
512 3267 585 3314 annis
603 3272 662 3316 ante
687 3269 795 3326 petrata,
806 3279 850 3312 rex
861 3264 951 3312 videns
966 3263 1051 3311 locum
1067 3261 1150 3322 pridie

198 3335 283 3396 ipsum
305 3338 423 3386 decessit.
458 3337 517 3384 Non
536 3340 594 3398 eget
615 3337 662 3386 Al·
687 3334 891 3395 Sardanapalicis
920 3332 1020 3381 deliciis
1055 3345 1150 3394 parem,

196 3406 297 3456 delmus
318 3412 348 3456 ut
369 3407 507 3455 mendaciis
524 3411 660 3457 asseratur.
686 3419 752 3453 nuuc
768 3404 840 3453 foeda
854 3403 989 3451 solitudine
1004 3400 1150 3463 deformem,

194 3476 277 3532 Tanta
288 3477 389 3526 suntde
400 3477 444 3525 illo
455 3490 513 3536 quae
530 3475 660 3524 indubiam
685 3475 799 3536 miratur,
818 3475 945 3533 tacitoque
959 3470 1059 3531 judicio
1082 3470 1150 3517 oculi

195 3546 660 3609 depromantfidem,totsuntquaenon
685 3559 737 3592 rem
759 3545 931 3593 examinantes
959 3540 993 3588 ad
1019 3538 1150 3586 mulierem

196 3615 330 3666 veniantin
341 3619 419 3666 litem.
437 3617 537 3665 Habuit
545 3630 605 3665 sane
613 3616 660 3666 Ina
685 3613 790 3662 rediere.
830 3614 902 3674 Tunc
923 3610 969 3657 illa
990 3609 1148 3656 occasionem

194 3699 293 3736 sorores
320 3687 494 3748 cuthburgam
521 3690 548 3734 et
574 3686 660 3736 Quen·
684 3687 821 3744 aucupata,
841 3683 979 3739 laetumque
1006 3676 1150 3740 subridens,

192 3757 318 3818 burgaro:
330 3755 658 3818 CuthburgaAlfridoNor·
684 3753 743 3802 “Et
753 3755 796 3801 ubi
810 3749 894 3814 sunt,''
906 3746 1149 3810 ait,“dominecon·

193 3825 391 3876 thanimbrarum
408 3827 463 3888 regi
480 3829 588 3886 nuptum
609 3830 660 3874 tra-
680 3824 739 3885 jux,
746 3823 856 3872 hesterni
862 3819 998 3881 strepitust
1010 3819 1054 3867 ubi
1062 3817 1147 3866 aulaea

192 3896 659 3959 dita,sed,nonpostmultumconjugio
684 3893 794 3941 Sidoniis
805 3891 871 3941 fucis
885 3891 971 3939 ebriat
994 3889 1040 3937 ubi
1050 3887 1147 3949 parasi-

192 3966 308 4027 diducto,
324 3968 404 4028 primo
420 3967 490 4027 apud
501 3965 657 4028 Berkingum
683 3967 765 4012 torum
775 3963 919 4011 discurrens
929 3958 1085 4020 petulantia?
1101 3956 1146 4003 ubi
1239 4015 1241 4021 Ι

194 4037 243 4090 sub
270 4037 400 4085 abbatissa
427 4035 569 4097 Hildelida,
600 4051 658 4084 mox
684 4033 804 4081 Daedalis
820 4044 883 4080 vasa
900 4028 1009 4090 pondere
1033 4025 1147 4072 metallo·

192 4107 252 4168 ipsa
267 4107 389 4169 magistra
402 4107 498 4168 regulae
510 4105 658 4154 Wimhurne
683 4117 739 4150 nun
750 4115 850 4150 mensas
860 4101 930 4160 ipsas
941 4095 1084 4144 onerandas
1101 4095 1146 4141 uhi

192 4175 250 4224 Deo
277 4177 397 4237 placitam
423 4177 501 4224 vitain
527 4177 658 4238 transegit.
683 4177 750 4222 terra
765 4171 878 4231 marique
895 4164 1146 4227 exquisimadgulae

192 4245 274 4295 Vicus
297 4251 336 4295 est
357 4246 431 4294 modo
447 4244 575 4308 ignobilis,
598 4249 658 4293 tunc
683 4243 833 4291 lenocinium
840 4237 960 4288 obsonia?
976 4249 1057 4282 nonne
1064 4235 1148 4282 omnia

192 4317 312 4378 temporis
323 4316 439 4378 insignis,
450 4317 534 4375 inquo
540 4315 658 4376 frequens
682 4313 768 4360 fumus
784 4317 810 4360 et
825 4313 932 4358 ventusl
949 4309 975 4354 et
991 4321 1030 4353 vae
1047 4304 1087 4352 his
1102 4305 1148 4376 qui
