<?xml version="1.0" encoding="UTF-8"?>
<!DOCTYPE html PUBLIC "-//W3C//DTD XHTML 1.0 Transitional//EN"
    "http://www.w3.org/TR/xhtml1/DTD/xhtml1-transitional.dtd">
<html xmlns="http://www.w3.org/1999/xhtml" xml:lang="en" lang="en">
 <head>
  <title>
</title>
<meta http-equiv="Content-Type" content="text/html;charset=utf-8" />
  <meta name='ocr-system' content='tesseract 3.04.00' />
  <meta name='ocr-capabilities' content='ocr_page ocr_carea ocr_par ocr_line ocrx_word'/>
</head>
<body>
  <div class='ocr_page' id='page_1' title='image "./willelmimalmesb01hardgoog_0361.png"; bbox 0 0 3150 5046; ppageno 0'>
   <div class='ocr_carea' id='block_1_1' title="bbox 190 493 1143 579">
    <p class='ocr_par' dir='ltr' id='par_1_1' title="bbox 190 493 1143 579">
     <span class='ocr_line' id='line_1_1' title="bbox 190 493 1143 579; baseline -0.004 -17"><span class='ocrx_word' id='word_1_1' title='bbox 190 517 258 562; x_wconf 84' lang='lat' dir='ltr'>ms.</span> <span class='ocrx_word' id='word_1_2' title='bbox 276 499 332 579; x_wconf 90' lang='lat'>11.]</span> <span class='ocrx_word' id='word_1_3' title='bbox 415 512 529 562; x_wconf 78' lang='lat' dir='ltr'>casm</span> <span class='ocrx_word' id='word_1_4' title='bbox 551 513 679 562; x_wconf 81' lang='lat' dir='ltr'>annun</span> <span class='ocrx_word' id='word_1_5' title='bbox 703 511 918 561; x_wconf 66' lang='lat' dir='ltr'>suenorum.</span> <span class='ocrx_word' id='word_1_6' title='bbox 1077 493 1143 558; x_wconf 77' lang='grc'>347</span> 
     </span>
    </p>
   </div>
   <div class='ocr_carea' id='block_1_2' title="bbox 181 667 1155 4112">
    <p class='ocr_par' dir='ltr' id='par_1_2' title="bbox 181 667 1155 4112">
     <span class='ocr_line' id='line_1_2' title="bbox 194 667 1144 754; baseline -0.005 -19"><span class='ocrx_word' id='word_1_7' title='bbox 194 671 350 736; x_wconf 86' lang='lat' dir='ltr'>referetis</span> <span class='ocrx_word' id='word_1_8' title='bbox 371 669 463 754; x_wconf 90' lang='lat' dir='ltr'>quod</span> <span class='ocrx_word' id='word_1_9' title='bbox 485 669 579 733; x_wconf 89' lang='lat' dir='ltr'>mihi.</span> <span class='ocrx_word' id='word_1_10' title='bbox 632 667 682 734; x_wconf 89' lang='lat' dir='ltr'>At</span> <span class='ocrx_word' id='word_1_11' title='bbox 705 669 877 733; x_wconf 87' lang='lat' dir='ltr'>adorabar</span> <span class='ocrx_word' id='word_1_12' title='bbox 898 687 921 731; x_wconf 98' lang='lat' dir='ltr'>a</span> <span class='ocrx_word' id='word_1_13' title='bbox 944 667 1086 750; x_wconf 92' lang='lat' dir='ltr'>populo,</span> <span class='ocrx_word' id='word_1_14' title='bbox 1108 673 1144 730; x_wconf 88' lang='lat' dir='ltr'>ct</span> 
     </span>
     <span class='ocr_line' id='line_1_3' title="bbox 195 767 1144 852; baseline -0.005 -17"><span class='ocrx_word' id='word_1_15' title='bbox 195 773 302 835; x_wconf 89' lang='lat' dir='ltr'>libere</span> <span class='ocrx_word' id='word_1_16' title='bbox 331 789 408 852; x_wconf 84' lang='lat' dir='ltr'>quae</span> <span class='ocrx_word' id='word_1_17' title='bbox 436 770 596 832; x_wconf 84' lang='lat' dir='ltr'>volebam</span> <span class='ocrx_word' id='word_1_18' title='bbox 628 769 835 848; x_wconf 84' lang='lat' dir='ltr'>actitabam3</span> <span class='ocrx_word' id='word_1_19' title='bbox 868 767 1144 850; x_wconf 81' lang='lat' dir='ltr'>applaudebatur</span> 
     </span>
     <span class='ocr_line' id='line_1_4' title="bbox 197 867 1143 946; baseline -0.004 -13"><span class='ocrx_word' id='word_1_20' title='bbox 197 870 282 934; x_wconf 91' lang='lat' dir='ltr'>mihi</span> <span class='ocrx_word' id='word_1_21' title='bbox 304 869 387 933; x_wconf 88' lang='lat' dir='ltr'>totis</span> <span class='ocrx_word' id='word_1_22' title='bbox 419 869 645 946; x_wconf 86' lang='lat' dir='ltr'>orationibus,</span> <span class='ocrx_word' id='word_1_23' title='bbox 671 869 929 932; x_wconf 81' lang='lat' dir='ltr'>acclamabatur</span> <span class='ocrx_word' id='word_1_24' title='bbox 955 869 994 930; x_wconf 89' lang='lat' dir='ltr'>in</span> <span class='ocrx_word' id='word_1_25' title='bbox 1023 867 1143 930; x_wconf 85' lang='lat' dir='ltr'>laudes</span> 
     </span>
     <span class='ocr_line' id='line_1_5' title="bbox 198 967 1142 1049; baseline -0.004 -15"><span class='ocrx_word' id='word_1_26' title='bbox 198 989 292 1034; x_wconf 89' lang='lat' dir='ltr'>meas</span> <span class='ocrx_word' id='word_1_27' title='bbox 303 969 387 1033; x_wconf 89' lang='lat' dir='ltr'>totis</span> <span class='ocrx_word' id='word_1_28' title='bbox 404 968 536 1032; x_wconf 87' lang='lat' dir='ltr'>diebus.</span> <span class='ocrx_word' id='word_1_29' title='bbox 588 967 815 1044; x_wconf 89' lang='lat' dir='ltr'>Haslaudes,</span> <span class='ocrx_word' id='word_1_30' title='bbox 826 967 890 1031; x_wconf 90' lang='lat' dir='ltr'>hos</span> <span class='ocrx_word' id='word_1_31' title='bbox 901 967 1046 1049; x_wconf 89' lang='lat' dir='ltr'>plausus</span> <span class='ocrx_word' id='word_1_32' title='bbox 1064 969 1142 1030; x_wconf 89' lang='lat' dir='ltr'>abs-</span> 
     </span>
     <span class='ocr_line' id='line_1_6' title="bbox 199 1065 1144 1145; baseline -0.004 -13"><span class='ocrx_word' id='word_1_33' title='bbox 199 1070 280 1132; x_wconf 86' lang='lat' dir='ltr'>tulit</span> <span class='ocrx_word' id='word_1_34' title='bbox 307 1068 391 1130; x_wconf 91' lang='lat' dir='ltr'>mihi</span> <span class='ocrx_word' id='word_1_35' title='bbox 412 1074 539 1132; x_wconf 86' lang='lat' dir='ltr'>vestrae</span> <span class='ocrx_word' id='word_1_36' title='bbox 568 1068 750 1131; x_wconf 80' lang='lat' dir='ltr'>tenuitatis</span> <span class='ocrx_word' id='word_1_37' title='bbox 783 1065 981 1145; x_wconf 86' lang='lat' dir='ltr'>contuitus;</span> <span class='ocrx_word' id='word_1_38' title='bbox 1012 1066 1057 1129; x_wconf 86' lang='lat' dir='ltr'>ad</span> <span class='ocrx_word' id='word_1_39' title='bbox 1080 1083 1144 1130; x_wconf 89' lang='lat' dir='ltr'>vos</span> 
     </span>
     <span class='ocr_line' id='line_1_7' title="bbox 199 1166 1143 1248; baseline -0.004 -17"><span class='ocrx_word' id='word_1_40' title='bbox 199 1169 282 1231; x_wconf 84' lang='lat' dir='ltr'>flexi</span> <span class='ocrx_word' id='word_1_41' title='bbox 311 1169 477 1244; x_wconf 86' lang='lat' dir='ltr'>animum,</span> <span class='ocrx_word' id='word_1_42' title='bbox 506 1173 541 1230; x_wconf 90' lang='lat' dir='ltr'>et</span> <span class='ocrx_word' id='word_1_43' title='bbox 569 1167 723 1232; x_wconf 88' lang='lat' dir='ltr'>severius</span> <span class='ocrx_word' id='word_1_44' title='bbox 756 1166 930 1248; x_wconf 82' lang='lat' dir='ltr'>agendum</span> <span class='ocrx_word' id='word_1_45' title='bbox 961 1166 1143 1228; x_wconf 83' lang='lat' dir='ltr'>aestimavi.</span> 
     </span>
     <span class='ocr_line' id='line_1_8' title="bbox 200 1265 1144 1348; baseline -0.002 -18"><span class='ocrx_word' id='word_1_46' title='bbox 200 1267 434 1331; x_wconf 87' lang='lat' dir='ltr'>Fortunarum</span> <span class='ocrx_word' id='word_1_47' title='bbox 451 1273 644 1330; x_wconf 88' lang='lat' dir='ltr'>vestrarum</span> <span class='ocrx_word' id='word_1_48' title='bbox 658 1265 779 1330; x_wconf 89' lang='lat' dir='ltr'>titulos</span> <span class='ocrx_word' id='word_1_49' title='bbox 801 1265 920 1348; x_wconf 85' lang='lat' dir='ltr'>praedo</span> <span class='ocrx_word' id='word_1_50' title='bbox 934 1265 1061 1346; x_wconf 90' lang='lat' dir='ltr'>impius</span> <span class='ocrx_word' id='word_1_51' title='bbox 1083 1265 1144 1328; x_wconf 86' lang='lat' dir='ltr'>ab·</span> 
     </span>
     <span class='ocr_line' id='line_1_9' title="bbox 199 1364 1143 1448; baseline -0.003 -18"><span class='ocrx_word' id='word_1_52' title='bbox 199 1366 397 1448; x_wconf 83' lang='lat' dir='ltr'>liguriebat,</span> <span class='ocrx_word' id='word_1_53' title='bbox 420 1385 483 1430; x_wconf 86' lang='lat' dir='ltr'>vos</span> <span class='ocrx_word' id='word_1_54' title='bbox 506 1367 644 1447; x_wconf 85' lang='lat' dir='ltr'>inopem</span> <span class='ocrx_word' id='word_1_55' title='bbox 667 1366 775 1429; x_wconf 86' lang='lat' dir='ltr'>vitam</span> <span class='ocrx_word' id='word_1_56' title='bbox 801 1364 925 1428; x_wconf 88' lang='lat' dir='ltr'>diurno</span> <span class='ocrx_word' id='word_1_57' title='bbox 949 1383 1039 1446; x_wconf 89' lang='lat' dir='ltr'>pane</span> <span class='ocrx_word' id='word_1_58' title='bbox 1061 1383 1143 1445; x_wconf 82' lang='lat' dir='ltr'>age-</span> 
     </span>
     <span class='ocr_line' id='line_1_10' title="bbox 199 1463 1145 1546; baseline -0.004 -16"><span class='ocrx_word' id='word_1_59' title='bbox 199 1467 313 1546; x_wconf 87' lang='lat' dir='ltr'>batis;</span> <span class='ocrx_word' id='word_1_60' title='bbox 342 1465 401 1528; x_wconf 91' lang='lat' dir='ltr'>ille</span> <span class='ocrx_word' id='word_1_61' title='bbox 424 1465 466 1528; x_wconf 91' lang='lat' dir='ltr'>de</span> <span class='ocrx_word' id='word_1_62' title='bbox 495 1464 727 1529; x_wconf 81' lang='lat' dir='ltr'>oblationibus</span> <span class='ocrx_word' id='word_1_63' title='bbox 754 1465 880 1528; x_wconf 86' lang='lat' dir='ltr'>vestris</span> <span class='ocrx_word' id='word_1_64' title='bbox 903 1463 1060 1545; x_wconf 87' lang='lat' dir='ltr'>pretiosa</span> <span class='ocrx_word' id='word_1_65' title='bbox 1078 1463 1145 1527; x_wconf 90' lang='lat' dir='ltr'>sibi</span> 
     </span>
     <span class='ocr_line' id='line_1_11' title="bbox 200 1563 1145 1647; baseline -0.004 -18"><span class='ocrx_word' id='word_1_66' title='bbox 200 1566 311 1630; x_wconf 87' lang='lat' dir='ltr'>serica</span> <span class='ocrx_word' id='word_1_67' title='bbox 329 1565 560 1640; x_wconf 85' lang='lat' dir='ltr'>mercabatur,</span> <span class='ocrx_word' id='word_1_68' title='bbox 578 1583 642 1629; x_wconf 85' lang='lat' dir='ltr'>vos</span> <span class='ocrx_word' id='word_1_69' title='bbox 658 1564 819 1647; x_wconf 89' lang='lat' dir='ltr'>populari</span> <span class='ocrx_word' id='word_1_70' title='bbox 836 1570 871 1626; x_wconf 92' lang='lat' dir='ltr'>et</span> <span class='ocrx_word' id='word_1_71' title='bbox 889 1563 1023 1627; x_wconf 87' lang='lat' dir='ltr'>dissuto</span> <span class='ocrx_word' id='word_1_72' title='bbox 1040 1563 1145 1625; x_wconf 85' lang='lat' dir='ltr'>amic-</span> 
     </span>
     <span class='ocr_line' id='line_1_12' title="bbox 200 1662 1145 1746; baseline -0.004 -18"><span class='ocrx_word' id='word_1_73' title='bbox 200 1671 240 1728; x_wconf 90' lang='lat' dir='ltr'>tu</span> <span class='ocrx_word' id='word_1_74' title='bbox 271 1664 390 1728; x_wconf 87' lang='lat' dir='ltr'>oculos</span> <span class='ocrx_word' id='word_1_75' title='bbox 412 1665 605 1728; x_wconf 86' lang='lat' dir='ltr'>movebatis</span> <span class='ocrx_word' id='word_1_76' title='bbox 637 1681 745 1727; x_wconf 87' lang='lat' dir='ltr'>meos.</span> <span class='ocrx_word' id='word_1_77' title='bbox 798 1662 936 1746; x_wconf 80' lang='lat' dir='ltr'>Itaque,</span> <span class='ocrx_word' id='word_1_78' title='bbox 967 1681 1045 1726; x_wconf 89' lang='lat' dir='ltr'>cum</span> <span class='ocrx_word' id='word_1_79' title='bbox 1070 1662 1145 1724; x_wconf 85' lang='lat' dir='ltr'>haec</span> 
     </span>
     <span class='ocr_line' id='line_1_13' title="bbox 202 1761 1146 1847; baseline -0.002 -21"><span class='ocrx_word' id='word_1_80' title='bbox 202 1765 378 1847; x_wconf 86' lang='lat' dir='ltr'>nequirem</span> <span class='ocrx_word' id='word_1_81' title='bbox 414 1764 501 1846; x_wconf 83' lang='lat' dir='ltr'>pati,</span> <span class='ocrx_word' id='word_1_82' title='bbox 529 1763 658 1826; x_wconf 90' lang='lat' dir='ltr'>bellum</span> <span class='ocrx_word' id='word_1_83' title='bbox 692 1763 771 1826; x_wconf 87' lang='lat' dir='ltr'>aliis</span> <span class='ocrx_word' id='word_1_84' title='bbox 802 1762 926 1839; x_wconf 85' lang='lat' dir='ltr'>indixi,</span> <span class='ocrx_word' id='word_1_85' title='bbox 952 1768 993 1825; x_wconf 90' lang='lat' dir='ltr'>ut</span> <span class='ocrx_word' id='word_1_86' title='bbox 1020 1761 1146 1825; x_wconf 90' lang='lat' dir='ltr'>damno</span> 
     </span>
     <span class='ocr_line' id='line_1_14' title="bbox 201 1857 1147 1944; baseline -0.003 -17"><span class='ocrx_word' id='word_1_87' title='bbox 201 1862 329 1928; x_wconf 84' lang='lat' dir='ltr'>civium</span> <span class='ocrx_word' id='word_1_88' title='bbox 361 1882 510 1926; x_wconf 90' lang='lat' dir='ltr'>emerem</span> <span class='ocrx_word' id='word_1_89' title='bbox 541 1857 711 1944; x_wconf 77' lang='lat' dir='ltr'>&#39;gratiam</span> <span class='ocrx_word' id='word_1_90' title='bbox 733 1862 948 1925; x_wconf 85' lang='lat' dir='ltr'>clericorum.</span> <span class='ocrx_word' id='word_1_91' title='bbox 1000 1861 1080 1938; x_wconf 86' lang='lat' dir='ltr'>Sed,</span> <span class='ocrx_word' id='word_1_92' title='bbox 1106 1867 1147 1924; x_wconf 92' lang='lat' dir='ltr'>ut</span> 
     </span>
     <span class='ocr_line' id='line_1_15' title="bbox 201 1960 1145 2045; baseline -0.003 -20"><span class='ocrx_word' id='word_1_93' title='bbox 201 1963 303 2027; x_wconf 87' lang='lat' dir='ltr'>modo</span> <span class='ocrx_word' id='word_1_94' title='bbox 319 1963 491 2045; x_wconf 84' lang='lat' dir='ltr'>experior,</span> <span class='ocrx_word' id='word_1_95' title='bbox 513 1963 549 2024; x_wconf 91' lang='lat' dir='ltr'>in</span> <span class='ocrx_word' id='word_1_96' title='bbox 568 1963 725 2044; x_wconf 76' lang='lat' dir='ltr'>ingratos</span> <span class='ocrx_word' id='word_1_97' title='bbox 745 1961 913 2024; x_wconf 87' lang='lat' dir='ltr'>beneficia</span> <span class='ocrx_word' id='word_1_98' title='bbox 927 1960 1056 2025; x_wconf 88' lang='lat' dir='ltr'>collata</span> <span class='ocrx_word' id='word_1_99' title='bbox 1071 1979 1145 2042; x_wconf 75' lang='lat' dir='ltr'>per-</span> 
     </span>
     <span class='ocr_line' id='line_1_16' title="bbox 202 2060 1147 2144; baseline -0.001 -19"><span class='ocrx_word' id='word_1_100' title='bbox 202 2062 274 2125; x_wconf 89' lang='lat' dir='ltr'>didi</span> <span class='ocrx_word' id='word_1_101' title='bbox 285 2083 301 2142; x_wconf 31' lang='grc' dir='ltr'>ς,</span> <span class='ocrx_word' id='word_1_102' title='bbox 320 2061 412 2144; x_wconf 94' lang='lat' dir='ltr'>quod</span> <span class='ocrx_word' id='word_1_103' title='bbox 438 2062 498 2125; x_wconf 92' lang='lat' dir='ltr'>alii</span> <span class='ocrx_word' id='word_1_104' title='bbox 522 2081 584 2144; x_wconf 88' lang='lat' dir='ltr'>per</span> <span class='ocrx_word' id='word_1_105' title='bbox 612 2060 757 2143; x_wconf 78' lang='lat' dir='ltr'>angulos</span> <span class='ocrx_word' id='word_1_106' title='bbox 780 2061 966 2124; x_wconf 87' lang='lat' dir='ltr'>mussitant</span> <span class='ocrx_word' id='word_1_107' title='bbox 979 2079 1043 2123; x_wconf 84' lang='lat' dir='ltr'>vos</span> <span class='ocrx_word' id='word_1_108' title='bbox 1066 2079 1147 2124; x_wconf 89' lang='lat' dir='ltr'>evo·</span> 
     </span>
     <span class='ocr_line' id='line_1_17' title="bbox 201 2160 1147 2242; baseline -0.003 -16"><span class='ocrx_word' id='word_1_109' title='bbox 201 2163 295 2226; x_wconf 88' lang='lat' dir='ltr'>mitis</span> <span class='ocrx_word' id='word_1_110' title='bbox 319 2163 357 2225; x_wconf 87' lang='lat' dir='ltr'>in</span> <span class='ocrx_word' id='word_1_111' title='bbox 381 2160 531 2242; x_wconf 91' lang='lat' dir='ltr'>publico.</span> <span class='ocrx_word' id='word_1_112' title='bbox 582 2161 630 2224; x_wconf 90' lang='lat' dir='ltr'>Et</span> <span class='ocrx_word' id='word_1_113' title='bbox 650 2161 844 2225; x_wconf 89' lang='lat' dir='ltr'>libertatem</span> <span class='ocrx_word' id='word_1_114' title='bbox 867 2161 1004 2242; x_wconf 91' lang='lat' dir='ltr'>quidem</span> <span class='ocrx_word' id='word_1_115' title='bbox 1026 2161 1147 2242; x_wconf 88' lang='lat' dir='ltr'>probo,</span> 
     </span>
     <span class='ocr_line' id='line_1_18' title="bbox 202 2259 1147 2343; baseline -0.003 -19"><span class='ocrx_word' id='word_1_116' title='bbox 202 2261 263 2325; x_wconf 89' lang='lat' dir='ltr'>sed</span> <span class='ocrx_word' id='word_1_117' title='bbox 293 2261 458 2342; x_wconf 89' lang='lat' dir='ltr'>pietatem</span> <span class='ocrx_word' id='word_1_118' title='bbox 485 2260 635 2343; x_wconf 89' lang='lat' dir='ltr'>requiro.</span> <span class='ocrx_word' id='word_1_119' title='bbox 690 2259 898 2324; x_wconf 88' lang='lat' dir='ltr'>Morientem</span> <span class='ocrx_word' id='word_1_120' title='bbox 929 2266 1063 2341; x_wconf 89' lang='lat' dir='ltr'>patrem</span> <span class='ocrx_word' id='word_1_121' title='bbox 1086 2259 1147 2321; x_wconf 87' lang='lat' dir='ltr'>filii</span> 
     </span>
     <span class='ocr_line' id='line_1_19' title="bbox 201 2359 1147 2442; baseline -0.002 -18"><span class='ocrx_word' id='word_1_122' title='bbox 201 2361 245 2425; x_wconf 88' lang='lat' dir='ltr'>de</span> <span class='ocrx_word' id='word_1_123' title='bbox 272 2359 451 2442; x_wconf 88' lang='lat' dir='ltr'>sepultura</span> <span class='ocrx_word' id='word_1_124' title='bbox 475 2379 536 2423; x_wconf 86' lang='lat' dir='ltr'>sua</span> <span class='ocrx_word' id='word_1_125' title='bbox 561 2360 763 2440; x_wconf 81' lang='lat' dir='ltr'>exagitant;</span> <span class='ocrx_word' id='word_1_126' title='bbox 786 2378 1000 2424; x_wconf 90' lang='lat' dir='ltr'>communem</span> <span class='ocrx_word' id='word_1_127' title='bbox 1018 2365 1147 2422; x_wconf 68' lang='lat' dir='ltr'>morta⁴</span> 
     </span>
     <span class='ocr_line' id='line_1_20' title="bbox 202 2457 1149 2540; baseline -0.002 -18"><span class='ocrx_word' id='word_1_128' title='bbox 202 2458 288 2523; x_wconf 90' lang='lat' dir='ltr'>lium</span> <span class='ocrx_word' id='word_1_129' title='bbox 312 2458 451 2522; x_wconf 92' lang='lat' dir='ltr'>domum</span> <span class='ocrx_word' id='word_1_130' title='bbox 478 2458 562 2521; x_wconf 91' lang='lat' dir='ltr'>mihi</span> <span class='ocrx_word' id='word_1_131' title='bbox 587 2459 781 2540; x_wconf 67' lang='lat' dir='ltr'>negabitis?</span> <span class='ocrx_word' id='word_1_132' title='bbox 834 2457 917 2521; x_wconf 92' lang='lat' dir='ltr'>Non</span> <span class='ocrx_word' id='word_1_133' title='bbox 946 2463 1082 2520; x_wconf 84' lang='lat' dir='ltr'>arcetur</span> <span class='ocrx_word' id='word_1_134' title='bbox 1104 2459 1149 2520; x_wconf 90' lang='lat' dir='ltr'>ab</span> 
     </span>
     <span class='ocr_line' id='line_1_21' title="bbox 201 2557 1148 2635; baseline -0.002 -15"><span class='ocrx_word' id='word_1_135' title='bbox 201 2558 347 2622; x_wconf 88' lang='lat' dir='ltr'>introitu</span> <span class='ocrx_word' id='word_1_136' title='bbox 363 2559 518 2622; x_wconf 87' lang='lat' dir='ltr'>ecolesiae</span> <span class='ocrx_word' id='word_1_137' title='bbox 536 2557 767 2635; x_wconf 88' lang='lat' dir='ltr'>meretricula,</span> <span class='ocrx_word' id='word_1_138' title='bbox 784 2577 853 2622; x_wconf 89' lang='lat' dir='ltr'>non</span> <span class='ocrx_word' id='word_1_139' title='bbox 870 2557 1060 2632; x_wconf 88' lang='lat' dir='ltr'>usurarius,</span> <span class='ocrx_word' id='word_1_140' title='bbox 1077 2575 1148 2620; x_wconf 92' lang='lat' dir='ltr'>non</span> 
     </span>
     <span class='ocr_line' id='line_1_22' title="bbox 202 2655 1150 2740; baseline -0.003 -19"><span class='ocrx_word' id='word_1_141' title='bbox 202 2657 313 2737; x_wconf 91' lang='lat' dir='ltr'>latro;</span> <span class='ocrx_word' id='word_1_142' title='bbox 337 2664 372 2720; x_wconf 93' lang='lat' dir='ltr'>et</span> <span class='ocrx_word' id='word_1_143' title='bbox 397 2677 461 2722; x_wconf 87' lang='lat' dir='ltr'>vos</span> <span class='ocrx_word' id='word_1_144' title='bbox 480 2676 607 2740; x_wconf 92' lang='lat' dir='ltr'>papam</span> <span class='ocrx_word' id='word_1_145' title='bbox 632 2656 766 2738; x_wconf 80' lang='lat' dir='ltr'>ingredi</span> <span class='ocrx_word' id='word_1_146' title='bbox 791 2655 1004 2739; x_wconf 67' lang='lat' dir='ltr'>prohibetis?</span> <span class='ocrx_word' id='word_1_147' title='bbox 1057 2655 1150 2733; x_wconf 82' lang='lat' dir='ltr'>Quid</span> 
     </span>
     <span class='ocr_line' id='line_1_23' title="bbox 204 2745 1150 2832; baseline -0.001 -13"><span class='ocrx_word' id='word_1_148' title='bbox 204 2757 309 2820; x_wconf 87' lang='lat' dir='ltr'>refert</span> <span class='ocrx_word' id='word_1_149' title='bbox 331 2776 374 2819; x_wconf 91' lang='lat' dir='ltr'>an</span> <span class='ocrx_word' id='word_1_150' title='bbox 398 2745 555 2820; x_wconf 89' lang='lat' dir='ltr'>mortuus</span> <span class='ocrx_word' id='word_1_151' title='bbox 580 2775 626 2818; x_wconf 90' lang='lat' dir='ltr'>an</span> <span class='ocrx_word' id='word_1_152' title='bbox 651 2757 753 2820; x_wconf 84' lang='lat' dir='ltr'>vivus</span> <span class='ocrx_word' id='word_1_153' title='bbox 776 2755 965 2820; x_wconf 89' lang='lat' dir='ltr'>sacrarium</span> <span class='ocrx_word' id='word_1_154' title='bbox 987 2755 1150 2832; x_wconf 89' lang='lat' dir='ltr'>introeat,</span> 
     </span>
     <span class='ocr_line' id='line_1_24' title="bbox 204 2855 1151 2938; baseline -0.003 -18"><span class='ocrx_word' id='word_1_155' title='bbox 204 2857 272 2920; x_wconf 87' lang='lat' dir='ltr'>nisi</span> <span class='ocrx_word' id='word_1_156' title='bbox 289 2856 381 2938; x_wconf 92' lang='lat' dir='ltr'>quod</span> <span class='ocrx_word' id='word_1_157' title='bbox 397 2856 498 2920; x_wconf 71' lang='lat' dir='ltr'>viarm</span> <span class='ocrx_word' id='word_1_158' title='bbox 520 2855 638 2918; x_wconf 88' lang='lat' dir='ltr'>multis</span> <span class='ocrx_word' id='word_1_159' title='bbox 655 2859 809 2919; x_wconf 87' lang='lat' dir='ltr'>tentatur</span> <span class='ocrx_word' id='word_1_160' title='bbox 831 2855 1013 2930; x_wconf 87' lang='lat' dir='ltr'>illecebris,</span> <span class='ocrx_word' id='word_1_161' title='bbox 1030 2862 1071 2918; x_wconf 91' lang='lat' dir='ltr'>ut</span> <span class='ocrx_word' id='word_1_162' title='bbox 1086 2873 1151 2917; x_wconf 91' lang='lat' dir='ltr'>nec</span> 
     </span>
     <span class='ocr_line' id='line_1_25' title="bbox 204 2953 1151 3031; baseline -0.002 -13"><span class='ocrx_word' id='word_1_163' title='bbox 204 2956 241 3018; x_wconf 91' lang='lat' dir='ltr'>in</span> <span class='ocrx_word' id='word_1_164' title='bbox 274 2955 420 3018; x_wconf 88' lang='lat' dir='ltr'>ecclesia</span> <span class='ocrx_word' id='word_1_165' title='bbox 450 2955 664 3018; x_wconf 89' lang='lat' dir='ltr'>macularum</span> <span class='ocrx_word' id='word_1_166' title='bbox 702 2955 869 3019; x_wconf 89' lang='lat' dir='ltr'>subsistat</span> <span class='ocrx_word' id='word_1_167' title='bbox 898 2953 1072 3031; x_wconf 90' lang='lat' dir='ltr'>immunis,</span> <span class='ocrx_word' id='word_1_168' title='bbox 1103 2955 1151 3016; x_wconf 90' lang='lat' dir='ltr'>ibi</span> 
     </span>
     <span class='ocr_line' id='line_1_26' title="bbox 206 3051 1152 3137; baseline -0.003 -18"><span class='ocrx_word' id='word_1_169' title='bbox 206 3073 299 3137; x_wconf 82' lang='lat' dir='ltr'>saepe</span> <span class='ocrx_word' id='word_1_170' title='bbox 321 3054 485 3136; x_wconf 90' lang='lat' dir='ltr'>peccandi</span> <span class='ocrx_word' id='word_1_171' title='bbox 515 3055 688 3137; x_wconf 89' lang='lat' dir='ltr'>reperiens</span> <span class='ocrx_word' id='word_1_172' title='bbox 719 3055 899 3118; x_wconf 86' lang='lat' dir='ltr'>materiam</span> <span class='ocrx_word' id='word_1_173' title='bbox 924 3054 984 3116; x_wconf 92' lang='lat' dir='ltr'>ubi</span> <span class='ocrx_word' id='word_1_174' title='bbox 1008 3051 1152 3118; x_wconf 75' lang='lat' dir='ltr'>venerat</span> 
     </span>
     <span class='ocr_line' id='line_1_27' title="bbox 205 3154 1152 3236; baseline -0.002 -18"><span class='ocrx_word' id='word_1_175' title='bbox 205 3154 336 3218; x_wconf 87' lang='lat' dir='ltr'>diluere</span> <span class='ocrx_word' id='word_1_176' title='bbox 364 3154 520 3235; x_wconf 82' lang='lat' dir='ltr'>culpam3</span> <span class='ocrx_word' id='word_1_177' title='bbox 552 3161 708 3218; x_wconf 89' lang='lat' dir='ltr'>mortuus</span> <span class='ocrx_word' id='word_1_178' title='bbox 737 3173 880 3236; x_wconf 89' lang='lat' dir='ltr'>peccare</span> <span class='ocrx_word' id='word_1_179' title='bbox 911 3154 1055 3230; x_wconf 90' lang='lat' dir='ltr'>nesciat,</span> <span class='ocrx_word' id='word_1_180' title='bbox 1081 3154 1152 3216; x_wconf 92' lang='lat' dir='ltr'>imo</span> 
     </span>
     <span class='ocr_line' id='line_1_28' title="bbox 205 3252 1151 3337; baseline -0.002 -19"><span class='ocrx_word' id='word_1_181' title='bbox 205 3271 349 3337; x_wconf 91' lang='lat' dir='ltr'>peccare</span> <span class='ocrx_word' id='word_1_182' title='bbox 385 3273 455 3316; x_wconf 94' lang='lat' dir='ltr'>non</span> <span class='ocrx_word' id='word_1_183' title='bbox 496 3255 620 3335; x_wconf 88' lang='lat' dir='ltr'>possit,</span> <span class='ocrx_word' id='word_1_184' title='bbox 656 3272 816 3334; x_wconf 88' lang='lat' dir='ltr'>supremo</span> <span class='ocrx_word' id='word_1_185' title='bbox 853 3271 974 3316; x_wconf 88' lang='lat' dir='ltr'>carens</span> <span class='ocrx_word' id='word_1_186' title='bbox 1011 3252 1151 3316; x_wconf 88' lang='lat' dir='ltr'>viatico.</span> 
     </span>
     <span class='ocr_line' id='line_1_29' title="bbox 207 3350 1153 3433; baseline -0.001 -18"><span class='ocrx_word' id='word_1_187' title='bbox 207 3351 323 3430; x_wconf 85' lang='lat' dir='ltr'>Quam</span> <span class='ocrx_word' id='word_1_188' title='bbox 345 3353 503 3415; x_wconf 88' lang='lat' dir='ltr'>immanis</span> <span class='ocrx_word' id='word_1_189' title='bbox 524 3353 632 3433; x_wconf 82' lang='lat' dir='ltr'>igitur</span> <span class='ocrx_word' id='word_1_190' title='bbox 645 3352 833 3428; x_wconf 87' lang='lat' dir='ltr'>barbaries,</span> <span class='ocrx_word' id='word_1_191' title='bbox 849 3358 888 3414; x_wconf 90' lang='lat' dir='ltr'>ut</span> <span class='ocrx_word' id='word_1_192' title='bbox 910 3350 1001 3415; x_wconf 91' lang='lat' dir='ltr'>hunc</span> <span class='ocrx_word' id='word_1_193' title='bbox 1017 3352 1153 3414; x_wconf 89' lang='lat' dir='ltr'>adomo</span> 
     </span>
     <span class='ocr_line' id='line_1_30' title="bbox 207 3449 1154 3534; baseline -0.002 -19"><span class='ocrx_word' id='word_1_194' title='bbox 207 3451 275 3515; x_wconf 89' lang='lat' dir='ltr'>Dei</span> <span class='ocrx_word' id='word_1_195' title='bbox 298 3450 474 3528; x_wconf 84' lang='lat' dir='ltr'>excludas,</span> <span class='ocrx_word' id='word_1_196' title='bbox 497 3453 553 3514; x_wconf 91' lang='lat' dir='ltr'>cui</span> <span class='ocrx_word' id='word_1_197' title='bbox 574 3451 739 3534; x_wconf 87' lang='lat' dir='ltr'>peccandi</span> <span class='ocrx_word' id='word_1_198' title='bbox 762 3449 852 3514; x_wconf 90' lang='lat' dir='ltr'>desit</span> <span class='ocrx_word' id='word_1_199' title='bbox 877 3456 913 3512; x_wconf 88' lang='lat' dir='ltr'>et</span> <span class='ocrx_word' id='word_1_200' title='bbox 933 3450 1096 3514; x_wconf 83' lang='lat' dir='ltr'>voluntas</span> <span class='ocrx_word' id='word_1_201' title='bbox 1119 3457 1154 3513; x_wconf 91' lang='lat' dir='ltr'>et</span> 
     </span>
     <span class='ocr_line' id='line_1_31' title="bbox 207 3549 1153 3633; baseline -0.002 -20"><span class='ocrx_word' id='word_1_202' title='bbox 207 3549 378 3614; x_wconf 76' lang='lat' dir='ltr'>facultas!</span> <span class='ocrx_word' id='word_1_203' title='bbox 432 3549 664 3633; x_wconf 81' lang='lat' dir='ltr'>Quapropter,</span> <span class='ocrx_word' id='word_1_204' title='bbox 687 3549 761 3626; x_wconf 89' lang='lat' dir='ltr'>filii,</span> <span class='ocrx_word' id='word_1_205' title='bbox 783 3556 1067 3630; x_wconf 71' lang='lat' dir='ltr'>tam&#39;preeruptee</span> <span class='ocrx_word' id='word_1_206' title='bbox 1090 3568 1153 3612; x_wconf 86' lang='lat' dir='ltr'>au·</span> 
     </span>
     <span class='ocr_line' id='line_1_32' title="bbox 207 3648 1154 3732; baseline -0.004 -18"><span class='ocrx_word' id='word_1_207' title='bbox 207 3650 316 3714; x_wconf 82' lang='lat' dir='ltr'>daciae</span> <span class='ocrx_word' id='word_1_208' title='bbox 334 3649 576 3731; x_wconf 86' lang='lat' dir='ltr'>poenitentiam</span> <span class='ocrx_word' id='word_1_209' title='bbox 598 3651 703 3732; x_wconf 80' lang='lat' dir='ltr'>agite,</span> <span class='ocrx_word' id='word_1_210' title='bbox 723 3650 754 3711; x_wconf 88' lang='lat' dir='ltr'>si</span> <span class='ocrx_word' id='word_1_211' title='bbox 771 3648 861 3712; x_wconf 85' lang='lat' dir='ltr'>sorte</span> <span class='ocrx_word' id='word_1_212' title='bbox 878 3650 977 3712; x_wconf 85' lang='lat' dir='ltr'>vobis</span> <span class='ocrx_word' id='word_1_213' title='bbox 1000 3649 1154 3712; x_wconf 86' lang='lat' dir='ltr'>remittat</span> 
     </span>
     <span class='ocr_line' id='line_1_33' title="bbox 209 3748 1153 3830; baseline -0.004 -17"><span class='ocrx_word' id='word_1_214' title='bbox 209 3749 306 3813; x_wconf 89' lang='lat' dir='ltr'>Deus</span> <span class='ocrx_word' id='word_1_215' title='bbox 331 3748 421 3813; x_wconf 90' lang='lat' dir='ltr'>hanc</span> <span class='ocrx_word' id='word_1_216' title='bbox 445 3769 585 3812; x_wconf 86' lang='lat' dir='ltr'>noxam.</span> <span class='ocrx_word' id='word_1_217' title='bbox 649 3749 762 3813; x_wconf 88' lang='lat' dir='ltr'>Stulte</span> <span class='ocrx_word' id='word_1_218' title='bbox 790 3749 938 3830; x_wconf 88' lang='lat' dir='ltr'>enimet</span> <span class='ocrx_word' id='word_1_219' title='bbox 960 3754 1075 3810; x_wconf 87' lang='lat' dir='ltr'>amare</span> <span class='ocrx_word' id='word_1_220' title='bbox 1101 3748 1153 3810; x_wconf 88' lang='lat' dir='ltr'>lo·</span> 
     </span>
     <span class='ocr_line' id='line_1_34' title="bbox 208 3847 1153 3930; baseline -0.002 -18"><span class='ocrx_word' id='word_1_221' title='bbox 208 3850 281 3913; x_wconf 91' lang='lat' dir='ltr'>cuti</span> <span class='ocrx_word' id='word_1_222' title='bbox 310 3849 394 3912; x_wconf 86' lang='lat' dir='ltr'>estis</span> <span class='ocrx_word' id='word_1_223' title='bbox 416 3849 460 3912; x_wconf 87' lang='lat' dir='ltr'>ad</span> <span class='ocrx_word' id='word_1_224' title='bbox 483 3848 572 3912; x_wconf 88' lang='lat' dir='ltr'>hanc</span> <span class='ocrx_word' id='word_1_225' title='bbox 595 3847 727 3911; x_wconf 84' lang='lat' dir='ltr'>horam.</span> <span class='ocrx_word' id='word_1_226' title='bbox 779 3847 859 3924; x_wconf 86' lang='lat' dir='ltr'>Sed,</span> <span class='ocrx_word' id='word_1_227' title='bbox 882 3867 925 3910; x_wconf 92' lang='lat' dir='ltr'>ne</span> <span class='ocrx_word' id='word_1_228' title='bbox 947 3848 1077 3930; x_wconf 86' lang='lat' dir='ltr'>putetis</span> <span class='ocrx_word' id='word_1_229' title='bbox 1098 3866 1153 3910; x_wconf 91' lang='lat' dir='ltr'>me</span> 
     </span>
     <span class='ocr_line' id='line_1_35' title="bbox 208 3946 1153 4028; baseline -0.003 -17"><span class='ocrx_word' id='word_1_230' title='bbox 208 3948 285 4013; x_wconf 87' lang='lat' dir='ltr'>sola</span> <span class='ocrx_word' id='word_1_231' title='bbox 301 3948 365 4011; x_wconf 89' lang='lat' dir='ltr'>niti</span> <span class='ocrx_word' id='word_1_232' title='bbox 383 3949 602 4024; x_wconf 87' lang='lat' dir='ltr'>auctoritate,</span> <span class='ocrx_word' id='word_1_233' title='bbox 621 3948 790 4010; x_wconf 88' lang='lat' dir='ltr'>rationem</span> <span class='ocrx_word' id='word_1_234' title='bbox 805 3947 969 4028; x_wconf 88' lang='lat' dir='ltr'>accipite:</span> <span class='ocrx_word' id='word_1_235' title='bbox 997 3946 1153 4009; x_wconf 89' lang='lat' dir='ltr'>“Omnis</span> 
     </span>
     <span class='ocr_line' id='line_1_36' title="bbox 181 4045 1155 4112; baseline -0.002 -2"><span class='ocrx_word' id='word_1_236' title='bbox 181 4058 185 4067; x_wconf 85' lang='lat'><em>&#39;</em></span> <span class='ocrx_word' id='word_1_237' title='bbox 209 4055 308 4110; x_wconf 91' lang='lat' dir='ltr'>actus</span> <span class='ocrx_word' id='word_1_238' title='bbox 329 4046 478 4112; x_wconf 88' lang='lat' dir='ltr'>hominis</span> <span class='ocrx_word' id='word_1_239' title='bbox 500 4045 688 4111; x_wconf 89' lang='lat' dir='ltr'>secundum</span> <span class='ocrx_word' id='word_1_240' title='bbox 706 4045 819 4110; x_wconf 86' lang='lat' dir='ltr'>cordis</span> <span class='ocrx_word' id='word_1_241' title='bbox 841 4046 1066 4109; x_wconf 88' lang='lat' dir='ltr'>intentionem</span> <span class='ocrx_word' id='word_1_242' title='bbox 1095 4048 1155 4110; x_wconf 88' lang='lat' dir='ltr'>de-</span> 
     </span>
    </p>
   </div>
   <div class='ocr_carea' id='block_1_3' title="bbox 393 4285 973 4350">
    <p class='ocr_par' dir='ltr' id='par_1_3' title="bbox 393 4285 973 4350">
     <span class='ocr_line' id='line_1_37' title="bbox 393 4285 973 4350; baseline 0.002 -14"><span class='ocrx_word' id='word_1_243' title='bbox 393 4285 400 4318; x_wconf 87' lang='lat'>¹</span> <span class='ocrx_word' id='word_1_244' title='bbox 416 4287 553 4350; x_wconf 77' lang='lat' dir='ltr'>Gratiam]</span> <span class='ocrx_word' id='word_1_245' title='bbox 570 4285 603 4336; x_wconf 80' lang='lat' dir='ltr'>A.</span> <span class='ocrx_word' id='word_1_246' title='bbox 618 4289 646 4337; x_wconf 86' lang='lat' dir='ltr'>C.</span> <span class='ocrx_word' id='word_1_247' title='bbox 660 4287 695 4336; x_wconf 85' lang='lat' dir='ltr'>D.</span> <span class='ocrx_word' id='word_1_248' title='bbox 708 4287 740 4336; x_wconf 87' lang='lat' dir='ltr'>E.</span> <span class='ocrx_word' id='word_1_249' title='bbox 752 4287 800 4347; x_wconf 84' lang='lat' dir='ltr'>L.;</span> <span class='ocrx_word' id='word_1_250' title='bbox 818 4285 932 4349; x_wconf 81' lang='lat' dir='ltr'>gloriam,</span> <span class='ocrx_word' id='word_1_251' title='bbox 944 4285 973 4337; x_wconf 74' lang='lat' dir='ltr'>S.</span> 
     </span>
    </p>
   </div>
   <div class='ocr_carea' id='block_1_4' title="bbox 0 0 1600 5044">
    <p class='ocr_par' dir='ltr' id='par_1_4' title="bbox 0 0 1600 5044">
     <span class='ocr_line' id='line_1_38' title="bbox 0 0 1600 5044; baseline 0 0"><span class='ocrx_word' id='word_1_252' title='bbox 0 0 1600 5044; x_wconf 95' lang='lat' dir='ltr'> </span> 
     </span>
    </p>
   </div>
  </div>
 </body>
</html>
