3150 5046
411 472 477 560 312
628 471 742 532 crsrn
769 481 896 530 aucun
924 479 1136 529 Ancuonun.
1223 463 1310 544 [me.
1327 479 1366 528 11.

413 661 480 723 que
507 640 723 705 inimicorum
746 647 942 704 nostrorum
966 639 1158 722 potentiam
1187 636 1363 701 adnihilet.

415 739 617 822 Composita
642 739 789 822 denique
815 760 901 823 pace
931 759 1009 802 cum
1036 739 1198 820 gentibus
1224 756 1302 819 quae
1328 737 1364 800 in

414 840 560 903 circuitu
574 846 694 903 nostro
711 847 805 916 sunt,
817 838 1055 922 dispositoque
1067 844 1102 901 et
1117 830 1260 919 ¹pacato
1271 837 1365 900 omni

414 959 522 1020 regno
546 946 666 1003 nostro
690 937 747 1001 hic
769 939 806 1000 in
828 939 973 1014 oriente,
986 939 1038 1000 ita
1054 944 1094 1001 ut
1108 955 1130 1000 a
1146 936 1244 1000 nulla
1265 943 1365 1018 parte

414 1038 542 1101 bellum
572 1045 643 1101 aut
684 1037 881 1101 inimicitias
920 1037 1113 1118 aliquorum
1145 1035 1266 1098 timere
1305 1034 1366 1098 ha·

413 1139 569 1213 beamus,
592 1156 695 1219 quam
719 1137 823 1200 citius
844 1137 909 1201 hac
930 1143 1052 1200 aestate
1074 1142 1282 1218 apparatum
1304 1153 1366 1198 na-

414 1237 500 1318 vigii
534 1235 661 1300 habere
694 1243 828 1318 potero,
859 1234 1025 1318 Angliam
1058 1235 1176 1299 venire
1208 1234 1363 1316 dispono.

415 1334 521 1399 Hanc
537 1349 654 1399 autern
676 1335 858 1418 epistolam
881 1335 956 1418 jam
980 1333 1143 1417 praemisi,
1157 1340 1197 1396 ut
1220 1335 1364 1397 demea

414 1437 644 1517 prosperitate
661 1435 773 1498 omnis
786 1435 935 1517 populus
952 1435 1051 1516 regni
1064 1434 1131 1497 mei
1148 1433 1362 1512 laetificetur;

415 1535 509 1616 quia,
535 1542 575 1598 ut
588 1554 652 1598 vos
676 1534 744 1617 ipsi
766 1535 875 1611 scitis,
897 1554 1074 1617 nunquam
1101 1539 1227 1598 memet
1250 1533 1362 1615 ipsum

415 1653 478 1697 nec
493 1653 606 1698 meum
622 1634 774 1698 laborem
789 1633 953 1710 abstinui,
967 1653 1031 1697 neo
1042 1632 1156 1696 adhuc
1171 1632 1363 1709 abstinebo,

399 1728 610 1815 ¹impendere
634 1753 697 1816 pro
714 1734 824 1797 omnis
847 1733 966 1816 populi
986 1734 1052 1796 mei
1076 1730 1272 1795 necessaria
1293 1732 1363 1795 uti·

414 1830 525 1899 litate.
586 1832 691 1896 Nunc
715 1833 823 1914 igitur
852 1834 1007 1897 obtestor
1034 1850 1153 1896 omnes
1184 1831 1364 1913 episcopos

414 1951 509 1995 meos
533 1939 569 1996 et
592 1933 690 2012 regni
714 1933 932 2015 praepositos
951 1952 1013 2014 per
1036 1933 1138 1995 fidem
1154 1949 1259 2015 quam
1281 1930 1364 1994 mihi

415 2030 546 2095 debetis
573 2039 609 2096 et
629 2031 718 2108 Deo,
740 2039 912 2114 quatenus
936 2032 1072 2095 faciatis
1099 2038 1150 2107 ut,
1175 2037 1362 2112 antequam

414 2127 579 2210 Angliam
597 2131 746 2206 veniam,
762 2131 915 2194 omnium
933 2132 1050 2195 debita
1071 2149 1149 2212 quae
1173 2130 1361 2193 secundum

414 2228 525 2310 legem
542 2229 722 2310 antiquam
737 2230 900 2292 debemus
922 2231 993 2294 sint
1006 2230 1185 2312 persoluta
1198 2250 1206 2309 3
1230 2229 1363 2292 scilicet

413 2321 650 2412 ieleemosyna
673 2349 736 2410 pro
766 2330 903 2406 aratriS,
927 2336 962 2393 et
991 2329 1131 2393 decimae
1162 2329 1362 2392 animalium

414 2427 492 2508 ipso
508 2446 600 2491 anno
614 2435 885 2510 procreatorum,
900 2437 935 2493 et
948 2423 1098 2492 ³dcnarii
1110 2448 1197 2510 quos
1213 2428 1361 2492 Romam

415 2526 458 2589 ad
476 2535 634 2600 sanctum
651 2526 793 2592 Petrum
809 2529 953 2605 debetiS,
975 2529 1049 2592 sive
1069 2547 1114 2592 ex
1128 2528 1271 2591 urbibus
1289 2528 1362 2592 sive

413 2645 456 2688 ex
483 2626 587 2703 villis,
612 2633 647 2690 et
670 2627 844 2691 mediante
872 2626 1033 2710 Augusto
1057 2628 1190 2692 decima
1212 2627 1362 2708 frugum,

413 2732 448 2789 et
465 2725 501 2788 in
515 2724 704 2791 festivitate
721 2728 833 2790 sancti
848 2726 993 2790 Martini
1011 2721 1172 2810 primitiae
1194 2727 1362 2790 seminum

412 2824 456 2887 ad
481 2825 661 2889 ecclesiam
681 2827 753 2890 'sub
775 2825 875 2910 cujus
900 2827 1065 2908 parochia
1086 2827 1234 2909 quisque
1256 2827 1363 2908 degit,

412 2943 490 3004 quae
523 2923 673 3006 Anglice
697 2919 923 2990 *chirchseet
953 2927 1161 2989 nominatur.
1215 2925 1304 2989 Haec
1327 2933 1363 2989 et

412 3023 482 3085 alia
516 3024 546 3086 si
577 3043 656 3088 cum
677 3043 804 3088 venero
827 3044 896 3088 non
923 3032 1025 3089 amnt
1053 3025 1242 3109 persoluta,
1264 3026 1362 3106 regia

412 3121 594 3196 exactione
627 3123 815 3187 secundum
840 3125 935 3206 leges
958 3127 994 3188 in
1017 3144 1118 3207 quem
1141 3124 1244 3206 culpa
1269 3125 1362 3188 cadit

451 3355 461 3386 ¹
478 3359 592 3423 Pacata]
612 3358 646 3410 A.
667 3361 696 3412 S.
715 3361 751 3411 D.
763 3363 814 3423 E.;
830 3375 876 3423 pa·
936 3357 1176 3422 ⁴Cbirrheeet.]E.;
1188 3357 1362 3422 Ghirehescot,

410 3431 475 3489 rato,
487 3431 533 3493 923
550 3434 639 3493 parato
649 3433 686 3480 vel
697 3436 799 3493 pacato,
809 3432 841 3481 1..
900 3429 953 3490 D.;
965 3429 1095 3492 Cyreecet,
1109 3431 1138 3479 C.
1147 3430 1178 3478 L.
1189 3445 1197 3490 ;
1207 3429 1361 3491 Scyrisceat,

458 3496 468 3524 ²
490 3499 646 3564 Eleemoeyno
675 3516 721 3564 pro
748 3501 873 3563 erotem]
898 3499 950 3560 A.;
967 3497 1360 3559 CurescetvelChireeeth‚S.-

411 3566 599 3631 plough-arms,
610 3585 657 3618 one
674 3585 759 3632 penny
769 3571 832 3632 paid
849 3575 874 3618 to
899 3569 951 3618 Mr.
964 3570 1081 3632 Kemble‚
1099 3569 1125 3616 in
1145 3582 1161 3617 a
1178 3583 1240 3628 very
1256 3566 1360 3617 learned

411 3636 454 3684 the
466 3637 562 3687 church
573 3638 612 3687 ior
620 3653 696 3700 every
707 3640 873 3702 ploughland.
899 3638 1061 3688 dissertation
1080 3637 1211 3699 uponthis
1221 3637 1302 3699 word,
1313 3636 1360 3685 hae

411 3706 469 3755 ‘De
481 3709 594 3768 qualibet
604 3722 697 3758 caruca
703 3712 795 3771 juncte
810 3710 875 3758 inter
899 3708 1071 3769 conclusively
1105 3707 1193 3756 shown
1227 3707 1283 3755 that
1317 3706 1360 3768 the

411 3775 515 3825 Pascha
525 3782 551 3826 et
559 3778 735 3828 Pentecosten
743 3794 821 3827 unum
830 3780 875 3829 de·
898 3777 994 3827 church
1016 3783 1094 3839 secat,
1116 3793 1145 3826 or
1172 3776 1267 3826 church
1295 3775 1361 3834 ehct,

411 3846 520 3906 narium,
537 3847 582 3908 qui
598 3848 693 3896 dicitur
709 3848 875 3898 Ploualmee!
897 3861 952 3896 was
963 3853 1015 3911 not,
1026 3862 1056 3896 as
1067 3861 1135 3896 some
1146 3846 1233 3895 would
1248 3845 1322 3894 make
1339 3847 1360 3893 it

410 3912 465 3980 (Ex
493 3916 591 3978 Regist.
623 3918 656 3966 de
685 3918 820 3981 Ramesey,
846 3920 873 3967 in
897 3922 942 3966 out
960 3922 986 3966 to
1002 3919 1044 3978 be,
1061 3933 1078 3967 a
1096 3917 1266 3976 oberth-rate,
1281 3917 1328 3963 but
1344 3929 1361 3964 a

409 3984 711 4051 Arch.Scac.fol.158.)
782 4013 784 4016 ·
897 3987 1007 4036 ‘certain
1026 3991 1081 4036 rent
1102 3986 1128 4034 in
1150 3985 1268 4035 threshed
1290 3999 1360 4048 com,
1403 3981 1404 3984 ’

430 4067 433 4071 ·
446 4051 573 4104 ’Denarii
583 4071 642 4118 quoe
654 4057 795 4106 Roriam
803 4070 873 4106 eune-
896 4057 981 4105 which
992 4072 1068 4117 every
1074 4072 1133 4105 men
1145 4071 1237 4116 among
1249 4054 1290 4103 the
1303 4055 1361 4102 Bri-

410 4126 463 4172 tum
474 4125 578 4176 Petram
593 4127 706 4190 debetis]
724 4127 872 4189 Romefeoh,
895 4130 952 4175 tous
963 4117 1014 4176 and
1025 4127 1067 4176 the
1079 4125 1186 4188 English
1194 4139 1248 4174 was
1257 4124 1358 4186 obliged

409 4206 438 4239 or
456 4194 634 4258 Peter-peuce.
659 4197 706 4246 See
729 4197 786 4247 note
807 4194 824 4260 ¹,
844 4213 871 4258 p.
896 4201 921 4244 to
943 4211 1016 4256 carry
1038 4201 1065 4246 to
1087 4196 1127 4246 his
1149 4195 1244 4244 ohurch
1266 4209 1298 4244 on
1321 4194 1359 4244 St.

409 4264 466 4313 1⁵2.
622 4289 624 4294 .
895 4265 1015 4316 Martin’s
1026 4266 1096 4327 day!
