3150 5046
197 505 339 586 ms.11.]
416 521 530 570 casm
550 521 680 584 nncuu
705 520 917 571 ancnoamu.
1082 508 1148 573 381

197 681 288 744 riens
310 679 479 759 exhibuit,
499 683 606 764 'quam
629 680 685 744 hic
709 701 770 763 per
791 679 1074 762 anticipationem
1094 679 1147 743 di·
1161 717 1254 760 mm,

196 799 285 845 cam.
337 780 426 845 Cum
457 781 548 844 enim
578 779 683 844 biduo
713 780 862 861 elinguis
889 779 1069 863 jacuisset,
1092 779 1149 843 die

198 880 301 944 tertio
319 887 399 962 post
414 899 574 963 soporem
600 879 754 962 graviter
778 898 820 942 ac
845 878 1013 961 profunde
1035 880 1149 962 suspi-

198 997 290 1055 rans,
324 980 469 1056 ‘Deua’
495 979 620 1062 inquit,
653 979 905 1060 ‘omnipotens
933 978 964 1042 si
995 997 1065 1042 non
1096 986 1150 1043 est

198 1076 384 1143 fantastica
405 1078 531 1156 illusio,
552 1079 615 1142 sed
632 1097 742 1142 verax
760 1077 861 1154 visio,
878 1097 982 1160 quam
997 1076 1080 1154 vidi,
1103 1078 1149 1142 da

200 1177 284 1239 mibi
304 1178 504 1242 facultatem
528 1197 604 1241 eam
634 1173 830 1242 astantibus
856 1176 1063 1259 exponendi,
1087 1185 1149 1243 aut

200 1295 414 1341 econverso·
468 1276 527 1340 Ita
548 1295 632 1339 mox
650 1276 815 1358 expedita
835 1276 984 1358 loquela,
1000 1276 1149 1354 ‘Dn0s,'

198 1375 324 1458 inquit,
346 1376 469 1440 ‘modo
486 1375 673 1439 monachos
688 1375 760 1438 vidi
775 1375 860 1438 mihi
872 1376 1047 1452 assistere,
1060 1395 1148 1458 quos

199 1473 400 1539 adolescens
424 1475 507 1539 olim
529 1475 566 1538 in
592 1473 811 1538 Normannia
831 1473 986 1538 videram
1009 1475 1148 1556 religio-

201 1573 336 1638 sissime
351 1573 483 1638 vixisse
503 1580 540 1638 et
553 1571 848 1637 christianissime
866 1574 990 1637 obisse.
1044 1573 1094 1637 Hi
1111 1593 1148 1638 se

200 1671 268 1735 Dei
300 1674 443 1738 nuncios
471 1673 620 1757 praefati,
645 1672 731 1736 talia
759 1672 954 1753 ingessere:
978 1669 1001 1706 ‘³
1015 1672 1147 1751 Quoni-

200 1789 256 1833 am
275 1772 441 1854 primores
460 1771 611 1854 Angliae,
629 1771 746 1847 duces,
759 1771 923 1854 episcopi,
939 1779 974 1836 et
991 1773 1147 1850 abbates,

200 1889 270 1934 non
287 1878 369 1936 sunt
385 1872 535 1936 ministri
552 1871 632 1948 Dei,
649 1871 710 1935 sed
735 1870 874 1948 diaboli,
889 1870 1033 1935 tradidit
1050 1872 1147 1936 Deus

200 1968 265 2033 hoc
287 1990 431 2052 regnum
453 1977 534 2053 post
549 1970 680 2035 obitum
706 1977 804 2034 tuum
828 1989 920 2034 anno
944 1989 1016 2033 uno
1036 1977 1072 2034 et
1091 1972 1148 2035 die

187 2087 268 2140 ¹uno
281 2070 319 2132 in
333 2089 438 2133 manu
451 2068 594 2147 inimici,
609 2070 959 2153 pervagabunturque
975 2069 1147 2134 daemones

200 2174 310 2231 totam
325 2167 415 2233 hanc
434 2169 598 2233 terram.''
649 2169 806 2250 Cumque
827 2187 893 2250 ego
915 2168 990 2233 haec
1013 2189 1068 2233 me
1090 2189 1147 2233 os-

199 2274 377 2332 tensurum
400 2269 530 2351 populo
556 2268 731 2346 dicerem,
747 2269 913 2350 illumque
942 2270 1155 2351 poenitentia

199 2365 294 2430 facta
325 2368 551 2444 liberandum,
579 2369 759 2450 praemisso
787 2368 946 2449 exemplo
971 2367 1148 2432 Ninivita-

200 2484 288 2540 rum,
320 2467 567 2547 promitterem,
599 2472 625 2500 “
647 2464 855 2542 Neutrum,''
882 2467 992 2542 aiunt,
1022 2467 1147 2546 “erit3

202 2564 285 2644 quia
310 2583 373 2628 nec
390 2564 457 2646 ipsi
477 2565 706 2646 poenitebunt,
728 2584 792 2628 nec
811 2565 909 2628 Deus
935 2565 985 2628 eis
1008 2566 1148 2629 misere·-

200 2662 327 2728 bitur.''
378 2663 426 2728 Et
448 2663 599 2745 quando,
623 2665 981 2745 inquam,·tantarum
1008 2664 1149 2728 calami-

200 2767 313 2827 tatum
328 2763 484 2826 remissio
505 2763 637 2844 sperari
658 2763 797 2844 poterit.
849 2768 872 2797 “
885 2762 1019 2839 Tunc,'’
1033 2764 1148 2845 inqui·

200 2867 275 2937 unt,
298 2863 432 2943 “quasi
445 2862 476 2924 si
488 2862 591 2926 arbor
603 2862 723 2926 viridis
748 2861 946 2926 succidatur
964 2861 1001 2924 in
1022 2862 1147 2941 medio,

201 2965 237 3022 et
252 2979 333 3042 pars
355 2961 510 3025 abscissa
529 2961 730 3044 deportetur
744 2981 766 3024 a
780 2961 899 3042 stipite
922 2961 1027 3024 trium
1044 2961 1147 3045 juge-

200 3077 276 3123 rum
301 3062 428 3142 spatio,
451 3079 529 3124 cum
558 3061 633 3125 sine
659 3061 812 3143 quolibet
841 3060 1061 3138 adminiculo,
1083 3063 1147 3126 sno

198 3157 324 3223 iterum
344 3177 502 3224 connexa
524 3166 659 3238 trunco,
686 3161 830 3243 coeperit
854 3167 890 3224 et
911 3159 1054 3224 floribus
1081 3163 1147 3243 puss

199 3257 338 3322 bescere
375 3266 410 3323 et
446 3259 579 3324 fructus
611 3259 813 3342 protrudere
845 3278 891 3322 ex
921 3258 1147 3324 coalescentis

200 3356 294 3420 succi
312 3375 429 3420 amore
451 3357 706 3446 pristino,'tunc
721 3356 858 3420 demum
873 3357 1000 3439 poterit
1016 3359 1148 3441 sperari

200 3454 323 3516 talium
336 3455 505 3518 malorum
522 3454 732 3517 remissio.'''

250 3552 361 3636 5227.
386 3552 505 3637 Hujus
521 3552 677 3617 vaticinii
689 3553 881 3630 veritatem,
898 3555 1056 3635 quamvis
1078 3576 1146 3620 cae·
1158 3593 1309 3651 mm„

200 3652 283 3715 teris
297 3652 509 3728 timentibus,
521 3659 604 3716 tunc
619 3651 778 3734 Stigandi
791 3653 1039 3736 archiepiscopi
1050 3656 1144 3746 risus
1156 3642 1214 3686 ¹¹⁰⁶·

200 3752 405 3833 excepisset,
441 3750 586 3815 dicentis
615 3751 770 3816 vetulum
806 3751 990 3816 accedente
1025 3757 1143 3820 morbo

200 3869 310 3932 nugas
331 3850 489 3916 delirare.
540 3849 659 3935 Hujus
685 3871 768 3932 ergo
789 3851 943 3915 vaticinii
962 3853 1143 3918 veritatem

199 3968 263 4013 nos
290 3949 499 4033 experimur,
520 3951 613 4033 quod
637 3950 768 4014 scilicet
792 3948 923 4032 Anglia
947 3957 1145 4017 exterorum

200 4048 293 4113 facta
315 4057 368 4115 est
392 4049 561 4117 habitatio
583 4058 619 4115 et
643 4049 914 4131 alienigenarum
944 4050 1143 4118 dominatio.

201 4146 330 4211 Nullus
353 4148 454 4214 hodie
480 4148 616 4232 Anglus
635 4150 692 4212 vel
714 4150 799 4227 dux,
818 4149 876 4214 vel
895 4150 1064 4232 pontifex,
1088 4153 1144 4216 vel

199 4248 329 4328 abbas3
354 4249 497 4314 advenae
512 4249 639 4332 quique
659 4248 798 4315 divitias
823 4257 858 4314 et
871 4250 1003 4315 viscera
1028 4270 1143 4316 corro-
