3190 5060
426 479 491 543 140
651 495 765 543 eusrn
789 495 916 544 aucun
941 496 1180 546 rhenonum..
1249 487 1335 568 [mu.
1353 504 1379 550 1.

425 651 755 736 Archiepiscopatus
793 652 1007 733 Cantuariaa
1044 657 1266 741 episcopatus
1304 660 1379 726 Ro·

423 751 543 817 sensis.

352 901 370 934 ,¹
476 852 494 935 §
509 853 586 915 100.
610 851 728 933 Reges
743 851 1043 917 West-Saxonum
1058 852 1327 920 dominabantur
1341 859 1378 921 in

422 951 633 1029 Wiltescire,
647 958 683 1016 et
698 951 868 1016 Berkensi
881 960 918 1015 et
932 953 1266 1036 Dorsetensipagis3
1289 949 1378 1038 ¹qui·

422 1051 487 1114 bus
512 1058 567 1116 est
591 1051 773 1134 episcopus
804 1071 908 1128 unus,
930 1053 1031 1135 cujus
1054 1060 1109 1117 est
1129 1053 1231 1118 modo
1260 1049 1378 1120 'sedes

423 1150 620 1228 Saiesbirie,
656 1151 831 1234 quondam
861 1145 956 1214 ³erat
983 1153 1039 1216 vel
1069 1153 1287 1219 Ramesbirie
1322 1158 1378 1220 vel

423 1250 640 1315 Soireburne.

474 1351 522 1414 Et
535 1344 590 1414 ⁴in
606 1350 794 1428 Suthsexa,
806 1369 885 1433 quae
900 1349 1081 1433 aliquanto
1092 1358 1247 1434 tempore
1255 1353 1378 1420 habuit

422 1451 600 1533 proprium
615 1470 742 1531 regem.
794 1450 950 1533 Eratque
964 1451 1063 1515 sedes
1078 1451 1285 1535 episcopalis
1299 1457 1376 1539 ejus

421 1550 506 1632 pagi
517 1551 710 1632 antiquitus
723 1551 760 1613 in
775 1549 927 1627 Seleseo,
941 1570 1019 1634 quae
1033 1558 1088 1615 est
1100 1549 1216 1615 insula
1228 1555 1374 1619 circum·

423 1648 494 1712 flua
520 1658 641 1732 ponto,
668 1645 725 1714 ⁵ut
753 1650 851 1714 Beda
881 1657 1013 1729 narrat,
1041 1651 1102 1714 ubi
1123 1651 1229 1715 etiam
1250 1655 1374 1720 beatus

421 1748 605 1814 Wilfridus
619 1749 867 1814 monasterium
885 1751 1103 1816 construxit:
1127 1771 1219 1816 nune
1240 1753 1375 1821 habitat

421 1849 604 1933 episeopus
619 1849 710 1933 apud
726 1848 928 1914 cicestram.

472 1949 520 2012 Et
533 1950 571 2012 in
585 1950 686 2032 pagis
713 1948 989 2013 suthantunensi
1012 1957 1049 2013 et
1064 1949 1273 2030 Sudreiensi,
1295 1953 1372 2036 qui·

420 2049 485 2111 bus
500 2033 554 2112 est
569 2049 750 2131 episeopus
765 2049 825 2130 qui
838 2049 943 2113 habet
956 2049 1073 2112 sedem
1087 2050 1291 2116 Wintoniae.

471 2148 518 2213 Et
546 2149 583 2210 in
613 2167 705 2231 pago
735 2147 998 2227 Sumersetensi,
1027 2149 1086 2231 qui
1115 2149 1265 2215 habebat
1289 2153 1371 2216 olim

419 2247 511 2329 apud
525 2247 661 2313 Welias
675 2248 886 2331 episcopum,
901 2249 962 2333 qui
976 2268 1068 2312 nune
1083 2256 1136 2312 est
1150 2250 1347 2320 Bathouiae·

470 2347 517 2410 Et
538 2348 576 2410 in
599 2348 797 2412 Dumnonia
818 2368 897 2431 quae
923 2349 1154 2413 Devenesoire
1177 2350 1314 2430 dicitur,
1337 2361 1373 2416 et

417 2447 455 2509 in
492 2446 668 2512 Coruubia
702 2468 781 2531 quae
809 2469 901 2513 nune
931 2448 1206 2531 Cornu-gualliae
1236 2451 1371 2516 dicitur.

419 2546 599 2630 Erantque
621 2555 704 2612 tunc
726 2548 796 2612 duo
817 2549 1049 2632 episcopatus
1070 2567 1162 2613 unus
1174 2550 1212 2613 in
1228 2550 1371 2616 Criden-

419 2647 517 2724 tuua',
541 2648 630 2711 alter
653 2648 745 2731 apud
761 2647 927 2713 Sanctum
941 2647 1176 2714 Germanum:
1200 2670 1292 2714 nunc
1317 2660 1371 2718 est

419 2766 520 2824 unus,
536 2755 572 2812 et
587 2756 640 2812 est
654 2748 754 2812 sedes
767 2748 843 2832 ejus
859 2748 1018 2813 Exouiae.

469 2847 578 2930 §101.
605 2847 715 2911 Porro
738 2867 838 2928 reges
864 2848 1073 2913 Marciorum
1103 2848 1370 2914 dominabantur

416 2947 453 3008 iu
468 2948 569 3029 pagis
582 2946 649 3024 his,
666 2946 935 3024 Gloecestrensi,
957 2948 1194 3029 Wigornensi,
1217 2948 1369 3014 Warwi-

416 3047 531 3110 oensi:
554 3047 592 3110 in
606 3045 660 3109 his
675 3053 729 3110 est
750 3047 933 3131 episcopus
948 3067 1050 3124 uuus
1072 3047 1171 3132 cujus
1192 3048 1291 3112 sedes
1316 3058 1370 3115 est

415 3144 620 3226 Wigorniae.

450 3311 459 3344 ¹
469 3313 569 3369 Quibus
576 3319 613 3363 est
623 3315 746 3379 episoma
756 3330 820 3365 anua
831 3350 837 3366 .
852 3351 859 3366 .
872 3351 879 3365 .
905 3316 983 3364 about
993 3315 1036 3364 the
1047 3331 1109 3377 year
1118 3320 1168 3366 400
1178 3317 1214 3378 by
1221 3316 1300 3379 Aelii,
1311 3319 1370 3367 who

414 3385 453 3435 aet
476 3385 630 3434 Rumesbirie
650 3387 689 3434 aei
711 3379 878 3454 Scirtiana]
904 3399 976 3434 carne
992 3400 1052 3434 over
1062 3391 1088 3434 to
1100 3387 1198 3435 Britain
1210 3387 1236 3435 in
1246 3390 1295 3436 4⁷⁷
1306 3389 1369 3437 with

416 3454 539 3517 Compare
550 3455 602 3505 this
615 3455 677 3504 with
691 3457 826 3506 Moimesb.
839 3457 879 3505 De
905 3455 945 3504 his
955 3456 1024 3504 three
1034 3469 1101 3517 sons,
1109 3457 1214 3516 Cymen,
1222 3457 1368 3520 Wleuking,

415 3524 502 3576 Gestis
514 3526 626 3586 Pontif.;
637 3527 678 3574 De
687 3527 821 3588 Episcopis
829 3526 879 3575 Oe·
905 3525 956 3572 und
968 3525 1045 3575 Cissi.
1080 3526 1150 3574 Aelii
1160 3540 1215 3575 was
1226 3527 1367 3578 succeeded

415 3595 578 3644 cideutaiium
589 3597 726 3646 Saxonum.
904 3595 939 3655 by
957 3595 998 3644 hia
1021 3609 1066 3644 sou
1089 3595 1166 3646 Cissi.
1202 3595 1255 3644 The
1277 3597 1369 3647 Seuth-

413 3683 569 3807 “pop-1
903 3665 1369 3817 irrestauratae

448 3849 557 3914 ⁸Erut.]
573 3849 790 3911 A.C.D.L.M.;
807 3851 879 3900 omit·
903 3803 983 3922 ἔξω
994 3819 1066 3922 iffi
1074 3805 1368 3936 Ἑὲᾱᾛυζῗῄἐιὲθὲ

412 3922 493 3970 “din
504 3923 537 3972 Ε·
903 3957 1011 4003 appears
1027 3945 1169 3994 sometimes
1186 3949 1212 3992 to
1228 3945 1293 3994 have
1304 3948 1368 3996 been

447 4006 502 4056 ⁴1rr
524 4007 658 4068 Sattsexa,
679 4022 732 4069 que
751 4007 878 4070 abraam
902 4013 1027 4074 tributary
1037 4019 1063 4062 to
1080 4015 1158 4075 Kent,
1175 4014 1225 4062 aud
1241 4019 1268 4062 at
1283 4017 1368 4066 others

412 4082 516 4142 tempore
532 4077 617 4127 babuit
629 4077 755 4140 poprium
771 4076 872 4139 regem]
901 4085 927 4130 to
938 4082 1055 4145 Wessex,
1066 4083 1184 4132 towhich
1192 4085 1213 4132 it
1219 4099 1274 4133 was
1280 4087 1367 4148 finally

411 4149 465 4198 The
483 4149 579 4210 history
598 4146 627 4196 of
644 4147 695 4196 this
712 4147 833 4210 kingdom
853 4149 876 4196 is
900 4152 988 4200 united
1000 4154 1034 4213 by
1044 4154 1262 4216 Ecgberht,A.D.
1273 4158 1331 4205 824.

410 4223 453 4267 nat
475 4220 533 4268 well
561 4218 757 4270 authenticated.
805 4219 831 4266 1t
852 4219 875 4267 is
935 4219 945 4248 ⁵
961 4222 996 4270 Ut
1014 4224 1084 4273 Beda
1102 4224 1209 4286 namt]
1230 4225 1301 4274 Hist.
1319 4227 1368 4275 Ec·

411 4290 539 4350 supposed
554 4295 580 4338 to
599 4289 663 4338 have
682 4288 745 4336 been
763 4287 874 4338 founded
900 4292 1011 4343 elesiast.
1023 4292 1068 4345 lib.
1081 4305 1116 4345 iv.
1129 4309 1152 4346 e.
1165 4293 1227 4355 l³‚§
1238 4298 1296 4344 280.
