<?xml version="1.0" encoding="UTF-8"?>
<!DOCTYPE html PUBLIC "-//W3C//DTD XHTML 1.0 Transitional//EN"
    "http://www.w3.org/TR/xhtml1/DTD/xhtml1-transitional.dtd">
<html xmlns="http://www.w3.org/1999/xhtml" xml:lang="en" lang="en">
 <head>
  <title>
</title>
<meta http-equiv="Content-Type" content="text/html;charset=utf-8" />
  <meta name='ocr-system' content='tesseract 3.04.00' />
  <meta name='ocr-capabilities' content='ocr_page ocr_carea ocr_par ocr_line ocrx_word'/>
</head>
<body>
  <div class='ocr_page' id='page_1' title='image "./willelmimalmesb01hardgoog_0400.png"; bbox 0 0 3150 5046; ppageno 0'>
   <div class='ocr_carea' id='block_1_1' title="bbox 335 431 1355 516">
    <p class='ocr_par' dir='ltr' id='par_1_1' title="bbox 335 431 1355 516">
     <span class='ocr_line' id='line_1_1' title="bbox 335 431 1355 516; baseline 0.002 -24"><span class='ocrx_word' id='word_1_1' title='bbox 335 483 340 492; x_wconf 93' lang='lat'><em>.</em></span> <span class='ocrx_word' id='word_1_2' title='bbox 398 432 465 498; x_wconf 78' lang='grc'>386</span> <span class='ocrx_word' id='word_1_3' title='bbox 624 447 737 496; x_wconf 77' lang='lat' dir='ltr'>cnsru</span> <span class='ocrx_word' id='word_1_4' title='bbox 762 447 890 496; x_wconf 83' lang='lat' dir='ltr'>nncuu</span> <span class='ocrx_word' id='word_1_5' title='bbox 913 445 1128 496; x_wconf 72' lang='lat' dir='ltr'>succorum.</span> <span class='ocrx_word' id='word_1_6' title='bbox 1212 431 1296 516; x_wconf 80' lang='lat' dir='ltr'>[um.</span> <span class='ocrx_word' id='word_1_7' title='bbox 1313 448 1355 503; x_wconf 85' lang='grc'><strong>11,</strong></span> 
     </span>
    </p>
   </div>
   <div class='ocr_carea' id='block_1_2' title="bbox 241 602 1372 3557">
    <p class='ocr_par' dir='ltr' id='par_1_2' title="bbox 241 602 1363 1778">
     <span class='ocr_line' id='line_1_2' title="bbox 241 602 1355 688; baseline -0.005 -18"><span class='ocrx_word' id='word_1_8' title='bbox 241 626 364 670; x_wconf 66' lang='grc'><strong>1111111.</strong></span> <span class='ocrx_word' id='word_1_9' title='bbox 404 605 486 688; x_wconf 89' lang='lat' dir='ltr'>quio</span> <span class='ocrx_word' id='word_1_10' title='bbox 517 605 770 682; x_wconf 86' lang='lat' dir='ltr'>demeruerant,</span> <span class='ocrx_word' id='word_1_11' title='bbox 803 604 1031 669; x_wconf 88' lang='lat' dir='ltr'>constituens.</span> <span class='ocrx_word' id='word_1_12' title='bbox 1093 602 1225 668; x_wconf 90' lang='lat' dir='ltr'>Eodem</span> <span class='ocrx_word' id='word_1_13' title='bbox 1263 621 1355 666; x_wconf 91' lang='lat' dir='ltr'>anno</span> 
     </span>
     <span class='ocr_line' id='line_1_3' title="bbox 403 704 1354 785; baseline -0.004 -17"><span class='ocrx_word' id='word_1_14' title='bbox 403 704 582 781; x_wconf 88' lang='lat' dir='ltr'>Tostinus,</span> <span class='ocrx_word' id='word_1_15' title='bbox 597 723 618 767; x_wconf 86' lang='lat' dir='ltr'>a</span> <span class='ocrx_word' id='word_1_16' title='bbox 634 704 801 768; x_wconf 86' lang='lat' dir='ltr'>Flandria</span> <span class='ocrx_word' id='word_1_17' title='bbox 815 704 853 767; x_wconf 91' lang='lat' dir='ltr'>in</span> <span class='ocrx_word' id='word_1_18' title='bbox 869 704 1065 768; x_wconf 88' lang='lat' dir='ltr'>Humbram</span> <span class='ocrx_word' id='word_1_19' title='bbox 1088 704 1231 785; x_wconf 88' lang='lat' dir='ltr'>navigio</span> <span class='ocrx_word' id='word_1_20' title='bbox 1252 721 1354 765; x_wconf 86' lang='lat' dir='ltr'>sexa-</span> 
     </span>
     <span class='ocr_line' id='line_1_4' title="bbox 404 802 1356 887; baseline -0.003 -21"><span class='ocrx_word' id='word_1_21' title='bbox 404 805 505 887; x_wconf 84' lang='lat' dir='ltr'>ginta</span> <span class='ocrx_word' id='word_1_22' title='bbox 518 805 658 867; x_wconf 85' lang='lat' dir='ltr'>navium</span> <span class='ocrx_word' id='word_1_23' title='bbox 672 803 821 882; x_wconf 88' lang='lat' dir='ltr'>delatus,</span> <span class='ocrx_word' id='word_1_24' title='bbox 836 823 878 867; x_wconf 88' lang='lat' dir='ltr'>ea</span> <span class='ocrx_word' id='word_1_25' title='bbox 893 823 971 886; x_wconf 84' lang='lat' dir='ltr'>quae</span> <span class='ocrx_word' id='word_1_26' title='bbox 987 804 1080 867; x_wconf 85' lang='lat' dir='ltr'>circa</span> <span class='ocrx_word' id='word_1_27' title='bbox 1094 822 1190 866; x_wconf 88' lang='lat' dir='ltr'>oram</span> <span class='ocrx_word' id='word_1_28' title='bbox 1204 802 1356 866; x_wconf 89' lang='lat' dir='ltr'>fluminis</span> 
     </span>
     <span class='ocr_line' id='line_1_5' title="bbox 405 900 1357 985; baseline -0.005 -18"><span class='ocrx_word' id='word_1_29' title='bbox 405 909 506 967; x_wconf 87' lang='lat' dir='ltr'>erant</span> <span class='ocrx_word' id='word_1_30' title='bbox 530 903 685 985; x_wconf 81' lang='lat' dir='ltr'>piraticis</span> <span class='ocrx_word' id='word_1_31' title='bbox 709 902 970 968; x_wconf 76' lang='lat' dir='ltr'>excursionibus</span> <span class='ocrx_word' id='word_1_32' title='bbox 991 903 1202 982; x_wconf 85' lang='lat' dir='ltr'>infestabat3</span> <span class='ocrx_word' id='word_1_33' title='bbox 1229 900 1290 964; x_wconf 89' lang='lat' dir='ltr'>sed</span> <span class='ocrx_word' id='word_1_34' title='bbox 1313 902 1357 963; x_wconf 87' lang='lat' dir='ltr'>ab</span> 
     </span>
     <span class='ocr_line' id='line_1_6' title="bbox 408 1000 1359 1084; baseline -0.005 -17"><span class='ocrx_word' id='word_1_35' title='bbox 408 1001 554 1068; x_wconf 84' lang='lat' dir='ltr'>Edwino</span> <span class='ocrx_word' id='word_1_36' title='bbox 571 1009 607 1067; x_wconf 88' lang='lat' dir='ltr'>et</span> <span class='ocrx_word' id='word_1_37' title='bbox 623 1002 845 1080; x_wconf 89' lang='lat' dir='ltr'>Morchardo,</span> <span class='ocrx_word' id='word_1_38' title='bbox 860 1002 1040 1067; x_wconf 88' lang='lat' dir='ltr'>concordis</span> <span class='ocrx_word' id='word_1_39' title='bbox 1054 1002 1221 1084; x_wconf 76' lang='lat' dir='ltr'>potentiae</span> <span class='ocrx_word' id='word_1_40' title='bbox 1242 1000 1359 1064; x_wconf 88' lang='lat' dir='ltr'>fratri-</span> 
     </span>
     <span class='ocr_line' id='line_1_7' title="bbox 407 1100 1359 1184; baseline -0.004 -18"><span class='ocrx_word' id='word_1_41' title='bbox 407 1103 486 1180; x_wconf 90' lang='lat' dir='ltr'>bus,</span> <span class='ocrx_word' id='word_1_42' title='bbox 502 1101 649 1183; x_wconf 91' lang='lat' dir='ltr'>impigre</span> <span class='ocrx_word' id='word_1_43' title='bbox 664 1101 706 1165; x_wconf 88' lang='lat' dir='ltr'>de</span> <span class='ocrx_word' id='word_1_44' title='bbox 721 1102 900 1183; x_wconf 87' lang='lat' dir='ltr'>provincia</span> <span class='ocrx_word' id='word_1_45' title='bbox 917 1101 1049 1184; x_wconf 91' lang='lat' dir='ltr'>pulsus,</span> <span class='ocrx_word' id='word_1_46' title='bbox 1064 1119 1186 1164; x_wconf 88' lang='lat' dir='ltr'>versus</span> <span class='ocrx_word' id='word_1_47' title='bbox 1206 1100 1359 1163; x_wconf 88' lang='lat' dir='ltr'>Scotiam</span> 
     </span>
     <span class='ocr_line' id='line_1_8' title="bbox 408 1193 1360 1282; baseline -0.006 -16"><span class='ocrx_word' id='word_1_48' title='bbox 408 1201 489 1266; x_wconf 82' lang='lat' dir='ltr'>vela</span> <span class='ocrx_word' id='word_1_49' title='bbox 501 1201 690 1264; x_wconf 88' lang='lat' dir='ltr'>convertit:</span> <span class='ocrx_word' id='word_1_50' title='bbox 708 1200 757 1263; x_wconf 94' lang='lat' dir='ltr'>ibi</span> <span class='ocrx_word' id='word_1_51' title='bbox 767 1201 842 1282; x_wconf 89' lang='lat' dir='ltr'>regi</span> <span class='ocrx_word' id='word_1_52' title='bbox 852 1200 1072 1277; x_wconf 82' lang='lat' dir='ltr'>Noricorum,</span> <span class='ocrx_word' id='word_1_53' title='bbox 1083 1193 1252 1263; x_wconf 83' lang='lat' dir='ltr'>¹Haroldo</span> <span class='ocrx_word' id='word_1_54' title='bbox 1264 1197 1360 1261; x_wconf 89' lang='lat' dir='ltr'>Har-</span> 
     </span>
     <span class='ocr_line' id='line_1_9' title="bbox 410 1298 1361 1381; baseline -0.005 -17"><span class='ocrx_word' id='word_1_55' title='bbox 410 1319 531 1381; x_wconf 83' lang='lat' dir='ltr'>vagre,</span> <span class='ocrx_word' id='word_1_56' title='bbox 545 1300 648 1364; x_wconf 87' lang='lat' dir='ltr'>obvio</span> <span class='ocrx_word' id='word_1_57' title='bbox 670 1318 794 1363; x_wconf 89' lang='lat' dir='ltr'>manus</span> <span class='ocrx_word' id='word_1_58' title='bbox 809 1300 916 1376; x_wconf 83' lang='lat' dir='ltr'>dedit,</span> <span class='ocrx_word' id='word_1_59' title='bbox 931 1300 990 1381; x_wconf 93' lang='lat' dir='ltr'>qui</span> <span class='ocrx_word' id='word_1_60' title='bbox 1012 1318 1091 1363; x_wconf 85' lang='lat' dir='ltr'>cum</span> <span class='ocrx_word' id='word_1_61' title='bbox 1114 1298 1278 1363; x_wconf 84' lang='lat' dir='ltr'>trecentis</span> <span class='ocrx_word' id='word_1_62' title='bbox 1297 1315 1361 1360; x_wconf 91' lang='lat' dir='ltr'>na·</span> 
     </span>
     <span class='ocr_line' id='line_1_10' title="bbox 411 1395 1363 1481; baseline -0.004 -18"><span class='ocrx_word' id='word_1_63' title='bbox 411 1399 512 1463; x_wconf 88' lang='lat' dir='ltr'>vibus</span> <span class='ocrx_word' id='word_1_64' title='bbox 527 1397 693 1481; x_wconf 86' lang='lat' dir='ltr'>Angliam</span> <span class='ocrx_word' id='word_1_65' title='bbox 707 1399 851 1480; x_wconf 79' lang='lat' dir='ltr'>aggredi</span> <span class='ocrx_word' id='word_1_66' title='bbox 866 1399 1110 1462; x_wconf 81' lang='lat' dir='ltr'>meditabatur.</span> <span class='ocrx_word' id='word_1_67' title='bbox 1148 1395 1262 1461; x_wconf 87' lang='lat' dir='ltr'>Ambo</span> <span class='ocrx_word' id='word_1_68' title='bbox 1278 1415 1363 1478; x_wconf 89' lang='lat' dir='ltr'>ergo</span> 
     </span>
     <span class='ocr_line' id='line_1_11' title="bbox 412 1496 1362 1562; baseline -0.005 0"><span class='ocrx_word' id='word_1_69' title='bbox 412 1499 580 1562; x_wconf 88' lang='lat' dir='ltr'>consertis</span> <span class='ocrx_word' id='word_1_70' title='bbox 618 1498 824 1562; x_wconf 89' lang='lat' dir='ltr'>umbonibus</span> <span class='ocrx_word' id='word_1_71' title='bbox 861 1503 988 1561; x_wconf 87' lang='lat' dir='ltr'>terram</span> <span class='ocrx_word' id='word_1_72' title='bbox 1019 1496 1362 1561; x_wconf 85' lang='lat' dir='ltr'>Transhumbranam</span> 
     </span>
     <span class='ocr_line' id='line_1_12' title="bbox 413 1595 1363 1680; baseline -0.004 -20"><span class='ocrx_word' id='word_1_73' title='bbox 413 1597 688 1679; x_wconf 82' lang='lat' dir='ltr'>populabantur3</span> <span class='ocrx_word' id='word_1_74' title='bbox 704 1615 886 1680; x_wconf 90' lang='lat' dir='ltr'>germanos</span> <span class='ocrx_word' id='word_1_75' title='bbox 900 1597 1031 1660; x_wconf 88' lang='lat' dir='ltr'>recenti</span> <span class='ocrx_word' id='word_1_76' title='bbox 1046 1596 1194 1660; x_wconf 87' lang='lat' dir='ltr'>victoria</span> <span class='ocrx_word' id='word_1_77' title='bbox 1208 1595 1363 1670; x_wconf 85' lang='lat' dir='ltr'>feriatos,</span> 
     </span>
     <span class='ocr_line' id='line_1_13' title="bbox 414 1695 1363 1778; baseline -0.005 -17"><span class='ocrx_word' id='word_1_78' title='bbox 414 1695 475 1778; x_wconf 90' lang='lat' dir='ltr'>qui</span> <span class='ocrx_word' id='word_1_79' title='bbox 496 1695 582 1760; x_wconf 88' lang='lat' dir='ltr'>nibil</span> <span class='ocrx_word' id='word_1_80' title='bbox 603 1696 718 1759; x_wconf 91' lang='lat' dir='ltr'>minus</span> <span class='ocrx_word' id='word_1_81' title='bbox 734 1715 838 1778; x_wconf 87' lang='lat' dir='ltr'>quam</span> <span class='ocrx_word' id='word_1_82' title='bbox 855 1696 940 1760; x_wconf 86' lang='lat' dir='ltr'>talia</span> <span class='ocrx_word' id='word_1_83' title='bbox 962 1696 1145 1760; x_wconf 86' lang='lat' dir='ltr'>latrocinia</span> <span class='ocrx_word' id='word_1_84' title='bbox 1159 1699 1363 1770; x_wconf 88' lang='lat' dir='ltr'>metuerent,</span> 
     </span>
    </p>

    <p class='ocr_par' dir='ltr' id='par_1_3' title="bbox 252 1790 1364 2075">
     <span class='ocr_line' id='line_1_14' title="bbox 252 1790 1364 1877; baseline -0.008 -13"><span class='ocrx_word' id='word_1_85' title='bbox 252 1812 351 1864; x_wconf 65' lang='lat' dir='ltr'>serto-</span> <span class='ocrx_word' id='word_1_86' title='bbox 414 1794 584 1877; x_wconf 81' lang='lat' dir='ltr'>aggressi,</span> <span class='ocrx_word' id='word_1_87' title='bbox 595 1795 706 1859; x_wconf 90' lang='lat' dir='ltr'>victos</span> <span class='ocrx_word' id='word_1_88' title='bbox 721 1795 815 1858; x_wconf 89' lang='lat' dir='ltr'>intra</span> <span class='ocrx_word' id='word_1_89' title='bbox 830 1795 1024 1858; x_wconf 86' lang='lat' dir='ltr'>Eboracum</span> <span class='ocrx_word' id='word_1_90' title='bbox 1039 1794 1232 1859; x_wconf 86' lang='lat' dir='ltr'>includunt.</span> <span class='ocrx_word' id='word_1_91' title='bbox 1286 1790 1364 1857; x_wconf 88' lang='lat' dir='ltr'>Ha·</span> 
     </span>
     <span class='ocr_line' id='line_1_15' title="bbox 414 1885 1363 2007; baseline -0.002 -51"><span class='ocrx_word' id='word_1_92' title='bbox 414 1894 546 1970; x_wconf 77' lang='lat' dir='ltr'>rolduS,</span> <span class='ocrx_word' id='word_1_93' title='bbox 560 1894 687 1958; x_wconf 88' lang='lat' dir='ltr'>nuncio</span> <span class='ocrx_word' id='word_1_94' title='bbox 712 1901 866 2007; x_wconf 84' lang='lat' dir='ltr'>accepto,</span> <span class='ocrx_word' id='word_1_95' title='bbox 888 1893 1021 1958; x_wconf 88' lang='lat' dir='ltr'>cunctis</span> <span class='ocrx_word' id='word_1_96' title='bbox 1040 1893 1168 1958; x_wconf 85' lang='lat' dir='ltr'>viribus</span> <span class='ocrx_word' id='word_1_97' title='bbox 1182 1885 1300 1972; x_wconf 79' lang='lat' dir='ltr'>²regni</span> <span class='ocrx_word' id='word_1_98' title='bbox 1321 1910 1363 1954; x_wconf 91' lang='lat' dir='ltr'>ec</span> 
     </span>
     <span class='ocr_line' id='line_1_16' title="bbox 414 1993 1364 2104; baseline -0.003 -48"><span class='ocrx_word' id='word_1_99' title='bbox 414 1993 613 2057; x_wconf 90' lang='lat' dir='ltr'>contendit:</span> <span class='ocrx_word' id='word_1_100' title='bbox 630 2012 748 2075; x_wconf 89' lang='lat' dir='ltr'>pugna</span> <span class='ocrx_word' id='word_1_101' title='bbox 760 1993 884 2073; x_wconf 88' lang='lat' dir='ltr'>ingens</span> <span class='ocrx_word' id='word_1_102' title='bbox 902 1993 1097 2069; x_wconf 89' lang='lat' dir='ltr'>commissa,</span> <span class='ocrx_word' id='word_1_103' title='bbox 1111 1993 1268 2104; x_wconf 83' lang='lat' dir='ltr'>utrisque</span> <span class='ocrx_word' id='word_1_104' title='bbox 1281 2009 1364 2072; x_wconf 90' lang='lat' dir='ltr'>gen·</span> 
     </span>
    </p>

    <p class='ocr_par' dir='ltr' id='par_1_4' title="bbox 252 2089 1362 2197">
     <span class='ocr_line' id='line_1_17' title="bbox 252 2089 1362 2197; baseline -0.004 -42"><span class='ocrx_word' id='word_1_105' title='bbox 252 2105 379 2197; x_wconf 49' lang='lat' dir='ltr'>wib</span> <span class='ocrx_word' id='word_1_106' title='bbox 413 2092 507 2155; x_wconf 91' lang='lat' dir='ltr'>tibus</span> <span class='ocrx_word' id='word_1_107' title='bbox 530 2099 686 2154; x_wconf 84' lang='lat' dir='ltr'>extrema</span> <span class='ocrx_word' id='word_1_108' title='bbox 710 2092 746 2155; x_wconf 85' lang='lat' dir='ltr'>vi</span> <span class='ocrx_word' id='word_1_109' title='bbox 767 2093 968 2156; x_wconf 78' lang='lat' dir='ltr'>nitentibus,</span> <span class='ocrx_word' id='word_1_110' title='bbox 1007 2089 1128 2172; x_wconf 83' lang='lat' dir='ltr'>Angli,</span> <span class='ocrx_word' id='word_1_111' title='bbox 1152 2090 1362 2173; x_wconf 89' lang='lat' dir='ltr'>superiorem</span> 
     </span>
    </p>

    <p class='ocr_par' dir='ltr' id='par_1_5' title="bbox 252 2188 1367 2767">
     <span class='ocr_line' id='line_1_18' title="bbox 252 2188 1364 2297; baseline -0.007 -38.993"><span class='ocrx_word' id='word_1_112' title='bbox 252 2207 337 2297; x_wconf 51' lang='grc'><strong>3511111</strong></span> <span class='ocrx_word' id='word_1_113' title='bbox 346 2207 402 2256; x_wconf 73' lang='lat' dir='ltr'>sert</span> <span class='ocrx_word' id='word_1_114' title='bbox 414 2208 555 2254; x_wconf 88' lang='lat' dir='ltr'>manum</span> <span class='ocrx_word' id='word_1_115' title='bbox 569 2190 675 2266; x_wconf 84' lang='lat' dir='ltr'>nacti,</span> <span class='ocrx_word' id='word_1_116' title='bbox 692 2189 864 2254; x_wconf 89' lang='lat' dir='ltr'>Noricos&#39;</span> <span class='ocrx_word' id='word_1_117' title='bbox 854 2211 891 2253; x_wconf 89' lang='lat' dir='ltr'>m</span> <span class='ocrx_word' id='word_1_118' title='bbox 906 2191 1025 2272; x_wconf 81' lang='lat' dir='ltr'>sugam</span> <span class='ocrx_word' id='word_1_119' title='bbox 1035 2197 1199 2272; x_wconf 90' lang='lat' dir='ltr'>egerunt</span> <span class='ocrx_word' id='word_1_120' title='bbox 1216 2188 1277 2252; x_wconf 88' lang='lat' dir='ltr'>scd</span> <span class='ocrx_word' id='word_1_121' title='bbox 1286 2195 1364 2252; x_wconf 87' lang='lat' dir='ltr'>tan</span> 
     </span>
     <span class='ocr_line' id='line_1_19' title="bbox 415 2287 1365 2374; baseline -0.003 -22"><span class='ocrx_word' id='word_1_122' title='bbox 415 2295 528 2352; x_wconf 89' lang='lat' dir='ltr'>torum</span> <span class='ocrx_word' id='word_1_123' title='bbox 555 2294 590 2351; x_wconf 89' lang='lat' dir='ltr'>et</span> <span class='ocrx_word' id='word_1_124' title='bbox 617 2294 670 2352; x_wconf 86' lang='lat' dir='ltr'>tot</span> <span class='ocrx_word' id='word_1_125' title='bbox 695 2289 846 2352; x_wconf 88' lang='lat' dir='ltr'>virorum</span> <span class='ocrx_word' id='word_1_126' title='bbox 871 2289 1052 2353; x_wconf 87' lang='lat' dir='ltr'>victoriam</span> <span class='ocrx_word' id='word_1_127' title='bbox 1077 2287 1188 2374; x_wconf 90' lang='lat' dir='ltr'>(quod</span> <span class='ocrx_word' id='word_1_128' title='bbox 1219 2287 1365 2351; x_wconf 84' lang='lat' dir='ltr'>forsitan</span> 
     </span>
     <span class='ocr_line' id='line_1_20' title="bbox 415 2384 1366 2472; baseline -0.003 -21"><span class='ocrx_word' id='word_1_129' title='bbox 415 2387 601 2470; x_wconf 85' lang='lat' dir='ltr'>posteritas</span> <span class='ocrx_word' id='word_1_130' title='bbox 629 2385 765 2451; x_wconf 89' lang='lat' dir='ltr'>difficile</span> <span class='ocrx_word' id='word_1_131' title='bbox 795 2384 931 2472; x_wconf 87' lang='lat' dir='ltr'>credat)</span> <span class='ocrx_word' id='word_1_132' title='bbox 959 2407 1049 2451; x_wconf 88' lang='lat' dir='ltr'>unus</span> <span class='ocrx_word' id='word_1_133' title='bbox 1079 2387 1230 2452; x_wconf 89' lang='lat' dir='ltr'>Noricus</span> <span class='ocrx_word' id='word_1_134' title='bbox 1256 2386 1366 2449; x_wconf 90' lang='lat' dir='ltr'>multa</span> 
     </span>
     <span class='ocr_line' id='line_1_21' title="bbox 415 2485 1366 2570; baseline -0.002 -20"><span class='ocrx_word' id='word_1_135' title='bbox 415 2487 504 2551; x_wconf 89' lang='lat' dir='ltr'>hora</span> <span class='ocrx_word' id='word_1_136' title='bbox 523 2487 767 2568; x_wconf 89' lang='lat' dir='ltr'>interpolavit;</span> <span class='ocrx_word' id='word_1_137' title='bbox 798 2486 980 2570; x_wconf 88' lang='lat' dir='ltr'>siquidem,</span> <span class='ocrx_word' id='word_1_138' title='bbox 1003 2487 1039 2550; x_wconf 91' lang='lat' dir='ltr'>iu</span> <span class='ocrx_word' id='word_1_139' title='bbox 1063 2485 1223 2569; x_wconf 83' lang='lat' dir='ltr'>ingressu</span> <span class='ocrx_word' id='word_1_140' title='bbox 1250 2485 1366 2567; x_wconf 86' lang='lat' dir='ltr'>pontis</span> 
     </span>
     <span class='ocr_line' id='line_1_22' title="bbox 416 2579 1367 2669; baseline -0.002 -20"><span class='ocrx_word' id='word_1_141' title='bbox 416 2587 477 2669; x_wconf 94' lang='lat' dir='ltr'>qui</span> <span class='ocrx_word' id='word_1_142' title='bbox 500 2579 836 2666; x_wconf 79' lang='lat' dir='ltr'>³Stantsord-brigge</span> <span class='ocrx_word' id='word_1_143' title='bbox 857 2585 985 2651; x_wconf 90' lang='lat' dir='ltr'>dicitur</span> <span class='ocrx_word' id='word_1_144' title='bbox 1011 2587 1217 2662; x_wconf 67' lang='lat' dir='ltr'>consistens</span> <span class='ocrx_word' id='word_1_145' title='bbox 1239 2603 1309 2647; x_wconf 90' lang='lat' dir='ltr'>unc</span> <span class='ocrx_word' id='word_1_146' title='bbox 1332 2594 1367 2647; x_wconf 88' lang='lat' dir='ltr'>et</span> 
     </span>
     <span class='ocr_line' id='line_1_23' title="bbox 417 2684 1367 2767; baseline -0.003 -19"><span class='ocrx_word' id='word_1_147' title='bbox 417 2685 527 2749; x_wconf 84' lang='lat' dir='ltr'>altero</span> <span class='ocrx_word' id='word_1_148' title='bbox 543 2692 579 2748; x_wconf 93' lang='lat' dir='ltr'>et</span> <span class='ocrx_word' id='word_1_149' title='bbox 594 2684 750 2766; x_wconf 85' lang='lat' dir='ltr'>pluribus</span> <span class='ocrx_word' id='word_1_150' title='bbox 772 2692 901 2749; x_wconf 87' lang='lat' dir='ltr'>nostrae</span> <span class='ocrx_word' id='word_1_151' title='bbox 915 2685 1025 2767; x_wconf 89' lang='lat' dir='ltr'>partis</span> <span class='ocrx_word' id='word_1_152' title='bbox 1042 2684 1271 2766; x_wconf 89' lang='lat' dir='ltr'>interemptis,</span> <span class='ocrx_word' id='word_1_153' title='bbox 1293 2702 1367 2746; x_wconf 93' lang='lat' dir='ltr'>om·</span> 
     </span>
    </p>

    <p class='ocr_par' dir='ltr' id='par_1_6' title="bbox 388 2783 1372 3557">
     <span class='ocr_line' id='line_1_24' title="bbox 388 2783 1367 2859; baseline -0.002 -13"><span class='ocrx_word' id='word_1_154' title='bbox 388 2783 394 2792; x_wconf 71' lang='grc'><em>“</em></span> <span class='ocrx_word' id='word_1_155' title='bbox 418 2803 479 2848; x_wconf 90' lang='lat' dir='ltr'>nes</span> <span class='ocrx_word' id='word_1_156' title='bbox 497 2803 519 2847; x_wconf 88' lang='lat' dir='ltr'>a</span> <span class='ocrx_word' id='word_1_157' title='bbox 533 2784 683 2847; x_wconf 88' lang='lat' dir='ltr'>transitu</span> <span class='ocrx_word' id='word_1_158' title='bbox 704 2785 827 2849; x_wconf 85' lang='lat' dir='ltr'>arcuit.</span> <span class='ocrx_word' id='word_1_159' title='bbox 881 2783 1058 2848; x_wconf 88' lang='lat' dir='ltr'>Invitatus</span> <span class='ocrx_word' id='word_1_160' title='bbox 1079 2784 1125 2847; x_wconf 89' lang='lat' dir='ltr'>ad</span> <span class='ocrx_word' id='word_1_161' title='bbox 1146 2783 1367 2859; x_wconf 87' lang='lat' dir='ltr'>deditionem,</span> 
     </span>
     <span class='ocr_line' id='line_1_25' title="bbox 418 2879 1368 2964; baseline -0.003 -18"><span class='ocrx_word' id='word_1_162' title='bbox 418 2890 459 2948; x_wconf 88' lang='lat' dir='ltr'>ut</span> <span class='ocrx_word' id='word_1_163' title='bbox 474 2884 563 2947; x_wconf 90' lang='lat' dir='ltr'>tanti</span> <span class='ocrx_word' id='word_1_164' title='bbox 576 2882 708 2946; x_wconf 89' lang='lat' dir='ltr'>roboris</span> <span class='ocrx_word' id='word_1_165' title='bbox 722 2882 824 2946; x_wconf 90' lang='lat' dir='ltr'>homo</span> <span class='ocrx_word' id='word_1_166' title='bbox 843 2882 976 2964; x_wconf 83' lang='lat' dir='ltr'>largam</span> <span class='ocrx_word' id='word_1_167' title='bbox 1000 2882 1216 2947; x_wconf 85' lang='lat' dir='ltr'>clementiam</span> <span class='ocrx_word' id='word_1_168' title='bbox 1232 2879 1368 2962; x_wconf 89' lang='lat' dir='ltr'>Anglo-</span> 
     </span>
     <span class='ocr_line' id='line_1_26' title="bbox 419 2980 1369 3063; baseline -0.003 -18"><span class='ocrx_word' id='word_1_169' title='bbox 419 3001 495 3045; x_wconf 88' lang='lat' dir='ltr'>rum</span> <span class='ocrx_word' id='word_1_170' title='bbox 509 2981 736 3063; x_wconf 88' lang='lat' dir='ltr'>experiretur,</span> <span class='ocrx_word' id='word_1_171' title='bbox 753 2982 942 3046; x_wconf 84' lang='lat' dir='ltr'>invitantes</span> <span class='ocrx_word' id='word_1_172' title='bbox 959 2981 1114 3061; x_wconf 90' lang='lat' dir='ltr'>ridebat;</span> <span class='ocrx_word' id='word_1_173' title='bbox 1130 2980 1287 3056; x_wconf 90' lang='lat' dir='ltr'>subinde,</span> <span class='ocrx_word' id='word_1_174' title='bbox 1309 2999 1369 3042; x_wconf 90' lang='lat' dir='ltr'>ru·</span> 
     </span>
     <span class='ocr_line' id='line_1_27' title="bbox 419 3079 1369 3161; baseline -0.002 -17"><span class='ocrx_word' id='word_1_175' title='bbox 419 3087 503 3160; x_wconf 84' lang='lat' dir='ltr'>gato</span> <span class='ocrx_word' id='word_1_176' title='bbox 518 3079 618 3143; x_wconf 88' lang='lat' dir='ltr'>vultu</span> <span class='ocrx_word' id='word_1_177' title='bbox 637 3079 861 3161; x_wconf 70' lang='lat' dir='ltr'>increpitam,</span> <span class='ocrx_word' id='word_1_178' title='bbox 884 3080 1064 3144; x_wconf 85' lang='lat' dir='ltr'>imbecillis</span> <span class='ocrx_word' id='word_1_179' title='bbox 1085 3081 1191 3144; x_wconf 86' lang='lat' dir='ltr'>animi</span> <span class='ocrx_word' id='word_1_180' title='bbox 1213 3079 1369 3142; x_wconf 87' lang='lat' dir='ltr'>homines</span> 
     </span>
     <span class='ocr_line' id='line_1_28' title="bbox 421 3176 1369 3259; baseline -0.001 -18"><span class='ocrx_word' id='word_1_181' title='bbox 421 3196 496 3242; x_wconf 89' lang='lat' dir='ltr'>esse</span> <span class='ocrx_word' id='word_1_182' title='bbox 512 3177 571 3259; x_wconf 93' lang='lat' dir='ltr'>qui</span> <span class='ocrx_word' id='word_1_183' title='bbox 584 3176 767 3259; x_wconf 89' lang='lat' dir='ltr'>nequirent</span> <span class='ocrx_word' id='word_1_184' title='bbox 782 3179 843 3242; x_wconf 87' lang='lat' dir='ltr'>uni</span> <span class='ocrx_word' id='word_1_185' title='bbox 866 3181 1037 3243; x_wconf 87' lang='lat' dir='ltr'>resistere.</span> <span class='ocrx_word' id='word_1_186' title='bbox 1090 3178 1237 3243; x_wconf 88' lang='lat' dir='ltr'>Nemine</span> <span class='ocrx_word' id='word_1_187' title='bbox 1250 3179 1369 3259; x_wconf 88' lang='lat' dir='ltr'>itaque</span> 
     </span>
     <span class='ocr_line' id='line_1_29' title="bbox 421 3276 1371 3361; baseline -0.001 -21"><span class='ocrx_word' id='word_1_188' title='bbox 421 3276 563 3359; x_wconf 91' lang='lat' dir='ltr'>propius</span> <span class='ocrx_word' id='word_1_189' title='bbox 586 3276 784 3355; x_wconf 88' lang='lat' dir='ltr'>accedente,</span> <span class='ocrx_word' id='word_1_190' title='bbox 797 3278 890 3361; x_wconf 89' lang='lat' dir='ltr'>quod</span> <span class='ocrx_word' id='word_1_191' title='bbox 905 3279 1138 3342; x_wconf 84' lang='lat' dir='ltr'>inconsultum</span> <span class='ocrx_word' id='word_1_192' title='bbox 1159 3277 1371 3343; x_wconf 85' lang='lat' dir='ltr'>aestimarent</span> 
     </span>
     <span class='ocr_line' id='line_1_30' title="bbox 421 3375 1371 3459; baseline 0.001 -21"><span class='ocrx_word' id='word_1_193' title='bbox 421 3395 500 3439; x_wconf 90' lang='lat' dir='ltr'>cum</span> <span class='ocrx_word' id='word_1_194' title='bbox 514 3376 575 3439; x_wconf 91' lang='lat' dir='ltr'>illo</span> <span class='ocrx_word' id='word_1_195' title='bbox 592 3375 747 3440; x_wconf 88' lang='lat' dir='ltr'>cominus</span> <span class='ocrx_word' id='word_1_196' title='bbox 769 3377 932 3458; x_wconf 88' lang='lat' dir='ltr'>congredi</span> <span class='ocrx_word' id='word_1_197' title='bbox 954 3378 1013 3459; x_wconf 92' lang='lat' dir='ltr'>qui</span> <span class='ocrx_word' id='word_1_198' title='bbox 1036 3377 1158 3441; x_wconf 90' lang='lat' dir='ltr'>salutis</span> <span class='ocrx_word' id='word_1_199' title='bbox 1180 3396 1281 3440; x_wconf 90' lang='lat' dir='ltr'>omne</span> <span class='ocrx_word' id='word_1_200' title='bbox 1296 3375 1371 3440; x_wconf 79' lang='lat' dir='ltr'>via·</span> 
     </span>
     <span class='ocr_line' id='line_1_31' title="bbox 422 3474 1372 3557; baseline -0.002 -17"><span class='ocrx_word' id='word_1_201' title='bbox 422 3475 529 3540; x_wconf 90' lang='lat' dir='ltr'>ticum</span> <span class='ocrx_word' id='word_1_202' title='bbox 551 3474 754 3557; x_wconf 88' lang='lat' dir='ltr'>desperatus</span> <span class='ocrx_word' id='word_1_203' title='bbox 783 3475 984 3554; x_wconf 88' lang='lat' dir='ltr'>effunderet,</span> <span class='ocrx_word' id='word_1_204' title='bbox 1006 3495 1096 3540; x_wconf 87' lang='lat' dir='ltr'>uuus</span> <span class='ocrx_word' id='word_1_205' title='bbox 1121 3496 1166 3540; x_wconf 86' lang='lat' dir='ltr'>ex</span> <span class='ocrx_word' id='word_1_206' title='bbox 1189 3475 1372 3539; x_wconf 87' lang='lat' dir='ltr'>collatera-</span> 
     </span>
    </p>
   </div>
   <div class='ocr_carea' id='block_1_3' title="bbox 422 3759 1372 4173">
    <p class='ocr_par' dir='ltr' id='par_1_7' title="bbox 422 3759 1372 4173">
     <span class='ocr_line' id='line_1_32' title="bbox 458 3759 1372 3832; baseline -0.003 -20"><span class='ocrx_word' id='word_1_207' title='bbox 458 3760 591 3812; x_wconf 78' lang='lat' dir='ltr'>¹Hcrcldo</span> <span class='ocrx_word' id='word_1_208' title='bbox 610 3763 763 3829; x_wconf 59' lang='lat' dir='ltr'>flamma]</span> <span class='ocrx_word' id='word_1_209' title='bbox 784 3764 885 3814; x_wconf 84' lang='lat' dir='ltr'>Ha&#39;rald</span> <span class='ocrx_word' id='word_1_210' title='bbox 946 3759 1071 3832; x_wconf 76' lang='lat' dir='ltr'>&#39;Regai.]</span> <span class='ocrx_word' id='word_1_211' title='bbox 1087 3763 1160 3815; x_wconf 86' lang='lat' dir='ltr'><strong>C.D.</strong></span> <span class='ocrx_word' id='word_1_212' title='bbox 1172 3761 1333 3824; x_wconf 84' lang='lat' dir='ltr'>E.;omitted</span> <span class='ocrx_word' id='word_1_213' title='bbox 1346 3763 1372 3810; x_wconf 93' lang='lat' dir='ltr'>in</span> 
     </span>
     <span class='ocr_line' id='line_1_33' title="bbox 422 3831 1028 3884; baseline 0.003 -3"><span class='ocrx_word' id='word_1_214' title='bbox 422 3831 561 3882; x_wconf 83' lang='lat' dir='ltr'>namedtbe</span> <span class='ocrx_word' id='word_1_215' title='bbox 570 3833 744 3883; x_wconf 72' lang='lat' dir='ltr'>Fau-haired:</span> <span class='ocrx_word' id='word_1_216' title='bbox 758 3834 790 3884; x_wconf 91' lang='lat' dir='ltr'>be</span> <span class='ocrx_word' id='word_1_217' title='bbox 802 3835 824 3884; x_wconf 85' lang='lat' dir='ltr'>is</span> <span class='ocrx_word' id='word_1_218' title='bbox 836 3834 884 3882; x_wconf 83' lang='lat' dir='ltr'>sre-</span> <span class='ocrx_word' id='word_1_219' title='bbox 910 3833 944 3883; x_wconf 77' lang='lat' dir='ltr'>A.</span> <span class='ocrx_word' id='word_1_220' title='bbox 956 3835 986 3884; x_wconf 80' lang='lat' dir='ltr'>S.</span> <span class='ocrx_word' id='word_1_221' title='bbox 1000 3835 1028 3883; x_wconf 80' lang='lat' dir='ltr'>L.</span> 
     </span>
     <span class='ocr_line' id='line_1_34' title="bbox 422 3902 947 3967; baseline 0.002 -16"><span class='ocrx_word' id='word_1_222' title='bbox 422 3903 527 3964; x_wconf 79' lang='lat' dir='ltr'>quently</span> <span class='ocrx_word' id='word_1_223' title='bbox 538 3902 621 3952; x_wconf 82' lang='lat' dir='ltr'>called</span> <span class='ocrx_word' id='word_1_224' title='bbox 639 3903 775 3952; x_wconf 82' lang='lat' dir='ltr'>Hardrade</span> <span class='ocrx_word' id='word_1_225' title='bbox 794 3902 884 3967; x_wconf 83' lang='lat' dir='ltr'>(Sere-</span> <span class='ocrx_word' id='word_1_226' title='bbox 946 3911 947 3915; x_wconf 76' lang='grc'>’</span> 
     </span>
     <span class='ocr_line' id='line_1_35' title="bbox 422 3968 1371 4034; baseline -0.004 -14"><span class='ocrx_word' id='word_1_227' title='bbox 422 3968 488 4034; x_wconf 89' lang='lat' dir='ltr'>rus),</span> <span class='ocrx_word' id='word_1_228' title='bbox 499 3975 525 4020; x_wconf 89' lang='lat' dir='ltr'>to</span> <span class='ocrx_word' id='word_1_229' title='bbox 532 3972 686 4034; x_wconf 80' lang='lat' dir='ltr'>distinguisb</span> <span class='ocrx_word' id='word_1_230' title='bbox 697 3973 749 4020; x_wconf 87' lang='lat' dir='ltr'>him</span> <span class='ocrx_word' id='word_1_231' title='bbox 756 3972 820 4021; x_wconf 78' lang='lat' dir='ltr'>from</span> <span class='ocrx_word' id='word_1_232' title='bbox 827 3972 884 4021; x_wconf 89' lang='lat' dir='ltr'>Ha·</span> <span class='ocrx_word' id='word_1_233' title='bbox 944 3968 1217 4033; x_wconf 73' lang='lat' dir='ltr'>³Stantfordbrigge.]</span> <span class='ocrx_word' id='word_1_234' title='bbox 1228 3968 1282 4019; x_wconf 87' lang='lat' dir='ltr'>The</span> <span class='ocrx_word' id='word_1_235' title='bbox 1293 3969 1371 4018; x_wconf 80' lang='lat' dir='ltr'>battle</span> 
     </span>
     <span class='ocr_line' id='line_1_36' title="bbox 422 4038 1371 4104; baseline -0.004 -14"><span class='ocrx_word' id='word_1_236' title='bbox 422 4041 479 4090; x_wconf 84' lang='lat' dir='ltr'>rald</span> <span class='ocrx_word' id='word_1_237' title='bbox 492 4040 631 4104; x_wconf 80' lang='lat' dir='ltr'>Harlagra,</span> <span class='ocrx_word' id='word_1_238' title='bbox 639 4043 697 4090; x_wconf 86' lang='lat' dir='ltr'>who</span> <span class='ocrx_word' id='word_1_239' title='bbox 708 4056 764 4091; x_wconf 85' lang='lat' dir='ltr'>was</span> <span class='ocrx_word' id='word_1_240' title='bbox 771 4047 883 4091; x_wconf 90' lang='lat' dir='ltr'>contem·</span> <span class='ocrx_word' id='word_1_241' title='bbox 909 4040 937 4090; x_wconf 80' lang='lat' dir='ltr'>of</span> <span class='ocrx_word' id='word_1_242' title='bbox 954 4042 1091 4090; x_wconf 82' lang='lat' dir='ltr'>Standford</span> <span class='ocrx_word' id='word_1_243' title='bbox 1103 4040 1199 4101; x_wconf 79' lang='lat' dir='ltr'>Bridge</span> <span class='ocrx_word' id='word_1_244' title='bbox 1218 4039 1278 4087; x_wconf 86' lang='lat' dir='ltr'>took</span> <span class='ocrx_word' id='word_1_245' title='bbox 1297 4038 1371 4099; x_wconf 88' lang='lat' dir='ltr'>place</span> 
     </span>
     <span class='ocr_line' id='line_1_37' title="bbox 423 4109 1270 4173; baseline -0.004 -15"><span class='ocrx_word' id='word_1_246' title='bbox 423 4125 515 4173; x_wconf 81' lang='lat' dir='ltr'>porary</span> <span class='ocrx_word' id='word_1_247' title='bbox 526 4111 590 4159; x_wconf 83' lang='lat' dir='ltr'>with</span> <span class='ocrx_word' id='word_1_248' title='bbox 601 4111 705 4160; x_wconf 81' lang='lat' dir='ltr'>Aelired</span> <span class='ocrx_word' id='word_1_249' title='bbox 716 4111 759 4160; x_wconf 91' lang='lat' dir='ltr'>the</span> <span class='ocrx_word' id='word_1_250' title='bbox 770 4112 860 4163; x_wconf 87' lang='lat' dir='ltr'>Great.</span> <span class='ocrx_word' id='word_1_251' title='bbox 908 4126 941 4159; x_wconf 93' lang='lat' dir='ltr'>on</span> <span class='ocrx_word' id='word_1_252' title='bbox 952 4111 994 4160; x_wconf 86' lang='lat' dir='ltr'>the</span> <span class='ocrx_word' id='word_1_253' title='bbox 1005 4111 1066 4160; x_wconf 77' lang='lat' dir='ltr'>etth</span> <span class='ocrx_word' id='word_1_254' title='bbox 1077 4109 1106 4160; x_wconf 87' lang='lat' dir='ltr'>ol&#39;</span> <span class='ocrx_word' id='word_1_255' title='bbox 1114 4111 1185 4171; x_wconf 84' lang='lat' dir='ltr'>Sept.</span> <span class='ocrx_word' id='word_1_256' title='bbox 1198 4112 1270 4156; x_wconf 81' lang='lat'>1066.</span> 
     </span>
    </p>
   </div>
   <div class='ocr_carea' id='block_1_4' title="bbox 0 0 1607 5046">
    <p class='ocr_par' dir='ltr' id='par_1_8' title="bbox 0 0 1607 5046">
     <span class='ocr_line' id='line_1_38' title="bbox 0 0 1607 5046; baseline 0 0"><span class='ocrx_word' id='word_1_257' title='bbox 0 0 1607 5046; x_wconf 95' lang='lat' dir='ltr'> </span> 
     </span>
    </p>
   </div>
  </div>
 </body>
</html>
