3180 5048
213 524 282 570 ure.
299 509 356 590 u]
439 488 553 574 cnsrl
577 527 705 575 uncuu
728 526 942 576 nunnouuu.
1102 513 1168 576 277

214 683 321 759 entia,
340 702 427 766 quos
442 684 518 766 ipse
541 684 660 748 mallet
683 684 793 751 redire
809 705 911 766 quam
924 684 1045 768 perire.
1099 684 1166 750 Sed

214 783 342 864 reperit
356 783 496 848 tandem
509 784 569 848 ubi
592 786 759 866 magister
776 804 859 848 suus
876 785 1035 862 haereret,
1058 792 1104 860 et,
1127 792 1166 850 ut

214 882 282 946 dici
297 883 398 960 solet,
423 885 525 966 quasi
549 887 672 948 cornix
698 885 826 952 cornici
849 886 968 949 oculos
991 884 1165 960 effoderet,

214 981 295 1045 dum
310 984 388 1067 pari
401 990 477 1048 arte
495 985 719 1049 tentamentis
733 985 809 1069 ejus
826 993 1030 1050 occurreret.

260 1152 433 1242 Quouono
456 1183 671 1232 cancarrus
693 1183 908 1232 ruusnuuos
931 1149 1126 1254 ocrovrnnr

611 1283 774 1331 ruvnurr.

267 1390 374 1473 §lou
400 1391 486 1455 Erat
506 1390 614 1475 juxta
640 1393 789 1456 Romam
811 1392 848 1455 in
878 1408 1001 1472 campo
1032 1389 1165 1454 Martio

213 1496 344 1568 statua,
370 1509 461 1554 aerea
487 1511 531 1554 an
565 1490 676 1555 ferrea
707 1493 877 1556 incertum
903 1488 998 1567 mihi,
1029 1488 1163 1554 dextrae

213 1609 336 1653 manns
352 1591 499 1654 indicem
517 1591 663 1674 digitum
686 1598 866 1656 extentum
888 1589 1031 1666 habens,
1054 1589 1161 1672 scrip-

198 1683 287 1752 tum
318 1710 455 1773 quoque
486 1691 522 1754 in
554 1693 680 1774 capite,
713 1691 816 1755 ‘Hic
843 1689 1006 1773 percute?
1058 1687 1161 1767 Quod

213 1792 401 1872 superioris
432 1791 500 1855 aevi
530 1789 686 1855 homines
716 1792 767 1856 ita
792 1789 1056 1872 intelligendum
1093 1790 1162 1853 rati

213 1892 314 1972 qnasi
351 1891 399 1954 ibi
429 1890 629 1955 thesaurum
660 1892 867 1966 invenirent,
905 1889 1023 1953 multis
1062 1907 1161 1953 secu·

212 1992 300 2053 rium
335 1991 462 2054 ictibus
497 1990 715 2056 innocentem
746 1997 902 2055 statuam
931 1981 1160 2052 laniaverant.

213 2089 281 2153 Sed
297 2091 435 2154 illorum
454 2089 644 2154 Gerbertus
670 2089 847 2172 redarguit
871 2109 1033 2166 errorem,
1056 2089 1160 2170 longe

213 2190 315 2254 aliter
341 2190 568 2272 ambiguitate
597 2183 793 2255 ¹absoluta:
834 2208 983 2271 namque
1008 2187 1160 2266 meridie,

213 2290 286 2354 sole
308 2290 344 2353 iu
361 2298 481 2354 centro
497 2290 681 2368 existento,
703 2298 827 2356 notans
848 2309 917 2372 quo
938 2290 1160 2370 protendere-

213 2395 272 2452 tur
284 2391 407 2454 umbra
420 2390 533 2472 digiti,
547 2390 595 2453 ibi
609 2392 726 2473 palum
742 2390 839 2472 figit3
858 2399 946 2458 'mox
960 2389 1160 2470 superveni-

212 2497 291 2554 ente
320 2497 433 2566 nocte,
459 2489 534 2553 solo
559 2490 770 2554 cubiculario
797 2489 967 2553 laternam
998 2495 1162 2570 portante

213 2589 410 2668 comitatuS,
427 2608 468 2653 eo
483 2590 673 2657 contendit.
712 2590 777 2666 Ibi,
792 2596 885 2653 terra
899 2587 1011 2652 solitis
1029 2588 1161 2651 artibus

212 2689 405 2767 dehiscens,
426 2690 536 2753 latum
554 2690 828 2772 ingredientibus
854 2687 1019 2770 patefecit
1039 2687 1161 2751 introi-

214 2796 310 2854 tum:
333 2791 580 2872 conspicantur
599 2791 775 2872 ingentem
796 2789 939 2870 regiam,
962 2806 1086 2850 aureos
1099 2806 1162 2876 pa-

213 2889 331 2966 rietes,
363 2907 469 2953 aurea
500 2890 689 2967 lacunaria,
720 2908 826 2954 aurea
860 2888 996 2965 omnia3
1036 2887 1162 2950 milites

214 3007 338 3052 aureos
358 2990 472 3052 aureis
489 2988 630 3053 tesseris
645 2991 744 3072 quasi
759 2989 912 3053 animum
927 2977 1140 3051 oblectantes
1153 3007 1162 3066 ;

214 3109 330 3170 regem
347 3089 557 3153 metallicum
571 3109 649 3153 cum
663 3091 784 3172 regina
796 3088 1079 3164 discumbentem,
1102 3106 1163 3170 ap-

214 3189 329 3271 posita
344 3189 500 3266 obsonia,
523 3197 679 3253 astantes
700 3190 888 3266 ministros,
910 3194 1050 3270 pateras
1064 3186 1164 3252 multi

214 3289 377 3372 ponderis
402 3295 439 3352 et
464 3289 579 3371 pretii,
607 3289 667 3352 ubi
691 3295 850 3352 naturam
876 3287 1037 3352 vincebat
1062 3306 1161 3369 opuS.

217 3387 261 3450 In
275 3389 429 3453 interiori
456 3395 555 3472 parte
583 3388 705 3453 domus
730 3385 972 3462 carbunculus,
995 3385 1086 3468 lapis
1108 3385 1160 3448 in-

214 3488 334 3570 primis
352 3488 475 3552 nobilis
498 3496 533 3553 et
546 3508 674 3571 parvus
689 3483 847 3564 ²intnitu,
864 3487 1025 3550 tenebras
1048 3486 1161 3548 noctis

209 3585 371 3670 ‘fugabat
407 3587 450 3650 In
468 3589 642 3653 contrario
656 3587 784 3670 angulo
800 3587 917 3650 stabat
931 3605 1027 3667 puer,
1043 3587 1161 3647 arcum

214 3694 336 3751 tenens
353 3693 496 3752 extento
515 3709 621 3753 nervo
647 3695 682 3752 et
705 3687 874 3751 arundine
895 3685 1040 3749 intenta.
1104 3683 1163 3747 Ita

213 3787 249 3850 in
267 3789 437 3864 omnibus,
453 3808 530 3852 cum
547 3789 665 3852 oculos
682 3787 913 3870 spectantium
931 3803 987 3848 ars
1009 3783 1163 3867 pretiosa
1208 3839 1210 3844 .

213 3894 381 3969 raptaret,
396 3888 482 3952 nihil
504 3894 579 3952 erat
602 3888 695 3971 quod
717 3894 835 3970 posset
850 3886 948 3967 tangi
964 3884 1030 3948 etsi
1045 3891 1163 3966 posset

214 3986 345 4066 videri;
377 3988 541 4053 continuo
575 3987 664 4051 enim
688 3995 728 4050 ut
753 3988 831 4069 quis
853 4004 993 4048 manum
1013 3982 1058 4046 ad
1081 4002 1163 4046 con-

248 4245 405 4313 ¹Abaoluta.]
424 4253 454 4301 C.
467 4253 502 4302 D.
514 4252 547 4301 Ε.
560 4252 606 4315 L.;
623 4221 675 4302 dis·
735 4246 879 4319 ²[atuitu.]
899 4251 946 4312 δή
965 4251 1078 4312 inventu,
1091 4249 1122 4302 A.
1137 4251 1166 4300 G.

211 4319 304 4384 solum,
317 4320 362 4381 ἃς
379 4322 505 4385 absoluta,
517 4321 551 4374 A.
701 4322 735 4372 D.
749 4323 782 4372 E.
794 4322 826 4370 L.
