3150 5046
218 457 363 538 marn]
451 474 955 526 cnsranncouaucnonuu.
1106 465 1173 530 355

219 633 275 696 vel
283 633 396 717 jactu,
411 633 467 698 vel
481 633 599 716 aliquo
618 636 785 700 exercitio
800 643 1034 702 attenuarent.
1087 637 1169 721 Ipse

218 751 281 795 rex
306 733 468 811 convivii,
494 733 567 797 ludi
596 735 751 816 signifer,
774 737 881 818 pilam
906 737 1084 819 poposcit:
1113 740 1168 803 in-

218 833 318 895 terim
341 833 507 896 annulum
529 835 770 916 sponsalitium
794 835 903 918 digito
927 843 1070 901 extento
1093 845 1166 904 sta-

218 937 288 995 tuae
323 951 435 1009 aereae,
471 952 549 1015 quae
588 935 745 1016 proxime
778 937 928 1013 astabat,
958 940 1164 1018 composuit.

217 1031 284 1094 Sed
302 1051 380 1095 cum
396 1051 484 1114 pene
501 1051 619 1096 omnes
634 1035 747 1097 solum
762 1035 980 1118 impeterent,
997 1038 1164 1120 suspirio-

216 1150 287 1208 sus,
312 1133 403 1196 extis
428 1131 727 1211 incalescentibus,
752 1135 883 1216 primus
907 1154 944 1198 se
968 1155 990 1199 a
1013 1136 1093 1200 lusu
1108 1158 1163 1202 re·
1278 1187 1295 1215 ,

215 1231 343 1295 movit:
364 1231 530 1295 annulum
542 1238 713 1314 repetens,
726 1233 859 1298 invenit
872 1242 998 1299 statuar
1015 1236 1162 1316 digitum

215 1350 325 1412 usque
354 1330 398 1393 ad
428 1331 542 1396 volam
569 1340 762 1408 curvatum.
818 1334 891 1397 Diu
920 1333 969 1396 ibi
996 1335 1161 1415 luctatus,

213 1429 307 1513 quod
332 1451 396 1494 nec
423 1431 587 1495 annulum
610 1433 745 1515 ejicere,
770 1452 833 1496 nee
857 1433 1003 1514 digitum
1029 1435 1163 1502 valeret

171 1613 173 1618 ,
213 1529 384 1611 frangere,
400 1531 505 1594 tacite
521 1531 699 1612 discessit;
724 1551 762 1595 re
779 1532 954 1597 sodalibus
977 1533 1101 1611 celata,
1116 1555 1160 1600 ne

213 1630 270 1693 vel
298 1638 505 1712 praesentem
534 1630 698 1709 riderent,
729 1632 787 1696 vel
820 1633 998 1697 absentem
1030 1634 1159 1700 annulo

212 1730 400 1811 privarent.
452 1730 512 1794 Ita
541 1739 642 1796 nocte
671 1731 879 1814 intempesta
908 1753 985 1797 cum
1019 1733 1159 1798 famulis
1239 1812 1240 1815 Ἴ

212 1829 360 1908 rediens,
385 1829 532 1912 digitum
558 1831 682 1895 iterum
712 1839 904 1910 extentum,
930 1839 966 1896 et
993 1833 1159 1897 annulum

211 1931 423 2012 subreptum,
461 1931 607 1994 miratus
639 1939 704 1995 est.
756 1931 985 1997 Dissimulate
1019 1932 1158 2010 damno,

212 2047 313 2092 novae
336 2036 454 2112 nuptae
485 2030 661 2094 blanditiis
693 2030 857 2095 delinitus
885 2040 947 2098 est.
1001 2030 1157 2114 Cumque

212 2128 299 2192 hora
314 2123 479 2194 ¹cubandi
493 2132 657 2209 venisset,
679 2149 784 2214 seque
801 2131 909 2215 juxta
925 2149 1070 2195 uxorem
1086 2133 1156 2196 col·

209 2229 369 2308 locasset,
394 2231 502 2294 sensit
531 2230 695 2313 quiddam
719 2231 923 2295 nebulosum
951 2237 986 2294 et
1010 2231 1156 2296 densum

210 2328 302 2392 inter
323 2349 360 2393 se
386 2336 422 2393 et
445 2331 540 2393 illam
565 2330 728 2406 volutari,
754 2331 845 2411 quod
874 2338 999 2414 posset
1022 2331 1155 2409 sentiri,

211 2447 275 2491 nee
297 2435 416 2510 posset
436 2419 557 2492 videri.
610 2428 690 2493 Hoc
719 2428 899 2493 obstaculo
922 2431 967 2492 ab
991 2431 1155 2512 amplexu

211 2526 417 2608 prohibitus,
440 2546 561 2591 vocem
583 2528 688 2591 etiam
710 2527 854 2604 audivit,
878 2527 1041 2590 ‘Mecum
1070 2549 1154 2592 con·

211 2628 344 2705 cumbe,
373 2627 455 2709 quia
481 2626 582 2690 hodie
611 2643 666 2690 me
699 2625 938 2708 desponsasti:
976 2646 1042 2708 ego
1077 2647 1155 2691 sum

210 2725 345 2803 Venus,
360 2726 459 2811 cujus
479 2726 588 2807 digito
614 2726 808 2808 apposuisti
829 2726 1018 2805 annulum;
1042 2725 1153 2791 habeo

209 2823 319 2902 illum,
345 2845 408 2889 nec
431 2824 596 2888 reddam?
646 2824 804 2889 Territus
826 2824 885 2888 ille
914 2832 1014 2889 tanto
1036 2825 1152 2906 prodi·

209 2925 279 3005 gio,
294 2924 378 2988 nilril
398 2924 525 2989 referre
539 2943 644 2988 ansus
661 2931 716 2988 est
731 2944 794 2988 nec
806 2925 938 3006 potuit3
961 2923 1152 2988 insomnem

206 3023 303 3088 illam
323 3030 458 3088 noctem
483 3024 595 3101 duxit,
624 3024 731 3088 tacito
758 3023 890 3108 judicio
919 3043 991 3088 rem
1019 3025 1153 3088 exami-

207 3142 305 3187 nans.
358 3123 524 3206 Elapsum
550 3124 661 3188 estin
686 3122 750 3187 hoc
773 3123 920 3187 multum
940 3132 1090 3207 tempus
1112 3131 1153 3188 ut

208 3242 413 3306 quacunque
437 3224 496 3288 ille
519 3223 605 3288 hora
628 3223 759 3306 gremio
783 3222 890 3288 vellet
917 3224 1075 3306 conjugis
1097 3225 1151 3287 in-

207 3325 377 3400 cumbere,
402 3322 488 3386 illud
509 3322 600 3386 idem
631 3322 776 3386 sentiret
807 3328 843 3386 et
873 3323 1029 3401 audiret;
1063 3322 1151 3386 alias

206 3439 290 3486 sane
303 3423 436 3501 valens,
456 3429 491 3486 et
504 3422 597 3486 domi
618 3429 720 3504 aptus
735 3429 771 3485 et
787 3421 930 3486 militiae.
981 3421 1151 3500 Tandem,

206 3523 353 3602 querelis
375 3523 497 3587 uxoris
521 3521 761 3598 commonitus,
782 3539 854 3584 rem
867 3521 1069 3602 parentibus
1090 3521 1150 3584 de-

206 3621 287 3684 tulit
300 3643 309 3686 :
328 3623 390 3700 illi,
402 3622 521 3686 habito
534 3621 690 3699 consilio,
699 3620 870 3684 Palumbo
881 3620 1017 3684 cuidam
1026 3621 1150 3684 subur-

206 3720 297 3783 bano
321 3724 522 3805 presbytero
545 3721 721 3803 negotium
743 3720 922 3803 pandunt3
945 3727 1021 3784 erat
1043 3721 1073 3783 is
1098 3721 1151 3784 ni-

207 3822 430 3900 gromanticis
450 3822 582 3886 artibus
602 3821 804 3898 instructus,
820 3820 974 3902 magicas
998 3820 1152 3883 excitare

206 3917 348 4000 figuras,
371 3919 544 3985 daemones
564 3921 722 3984 territare
747 3927 782 3984 et
807 3919 852 3983 ad
878 3919 1056 4002 quodlibet
1079 3917 1153 3982 offi-

206 4018 297 4082 cium
320 4019 505 4103 impellere.
558 4020 688 4084 Pactus
716 4038 799 4101 ergo
822 4018 953 4100 grande
974 4019 1152 4082 mercimo-

378 4258 385 4288 ¹
399 4261 584 4325 Cabardild.
598 4261 627 4312 S.
641 4263 671 4311 0.
683 4262 718 4313 D.
731 4263 780 4324 E.;
796 4261 941 4323 cumbendi,
953 4261 984 4310 1..

979 4349 995 4394 2
1007 4361 1021 4394 Α
1034 4349 1049 4394 2
