3150 5046
220 502 289 548 ms.
308 484 365 564 ιι]
453 500 574 554 cusro-
591 501 718 549 Rucun
741 501 957 552 nucuoaun.
1107 489 1174 560 299

222 658 272 724 At
290 658 436 722 Edricus
452 678 522 722 non
537 658 631 722 ultra
647 659 933 724 dissimulandum
954 667 1065 737 ratus,
1087 663 1172 742 quin
1224 695 1227 702 ⁴

220 766 317 823 artes
344 776 425 821 suas
450 765 572 840 aperta
593 757 706 822 fronte
727 759 886 837 nudaret,
909 758 953 822 ad
977 759 1171 824 cnutonem
1220 754 1223 760 ’

223 878 302 922 cum
329 857 561 938 quadraginta
586 857 732 923 naribus
757 858 900 922 defecit:
935 860 1045 922 omnis
1068 853 1171 941 ¹quo·
1221 851 1224 856 “

221 975 291 1040 ‚quc
300 956 585 1033 WestSaxonia,
601 957 693 1020 datis
708 957 884 1022 obsidibus
899 965 935 1021 et
951 959 1068 1034 armis,
1080 958 1171 1022 idem

220 1056 317 1120 t'ecit.
371 1055 495 1119 Mercii
508 1075 603 1132 vero,
619 1049 874 1138 ²saepenumem
897 1059 1110 1139 congregati,
1133 1077 1171 1122 se
1296 1119 1298 1124 .

220 1155 266 1219 ad
288 1155 517 1219 resistendum
534 1154 741 1221 offerebant:
765 1157 899 1220 veniret
923 1157 1025 1220 modo·
1045 1177 1120 1235 rex,
1136 1164 1173 1221 et

223 1274 292 1336 quo
309 1253 596 1337 progrediendum
620 1261 712 1319 esset
730 1256 945 1337 praeciperet,
961 1256 1103 1320 duceret
1118 1276 1172 1320 se·

224 1372 302 1417 cum
324 1372 484 1436 proceres
500 1353 703 1430 Londoniae,
719 1361 861 1437 paratos
879 1373 954 1418 esse
968 1356 1172 1437 sanguinem

220 1472 325 1516 suum
356 1453 479 1534 patriae
510 1453 720 1535 impendere.
773 1452 839 1517 Ille
870 1454 993 1518 solitus
1024 1455 1171 1520 salutem
1259 1525 1261 1528 ,

224 1571 324 1615 suam
345 1553 453 1615 muris
480 1551 707 1629 committere,
732 1554 861 1616 nonin
884 1553 1019 1617 hostem
1048 1573 1172 1618 excur-

225 1671 312 1728 rere,
340 1645 529 1716 Londoriiae
555 1652 704 1733 degebat
734 1659 876 1735 propter
905 1652 1111 1735 proditores,
1132 1661 1173 1718 ut

225 1751 351 1827 aiebat,
374 1770 544 1833 nusquam
567 1751 767 1834 procedens.
820 1748 922 1815 Alter
936 1751 1070 1816 interea
1090 1769 1171 1835 par-

221 1851 319 1916 tibus
348 1850 420 1914 suis
445 1850 548 1914 urbes
574 1857 609 1914 et
629 1851 726 1914 vicos
750 1849 938 1932 applicare,
963 1851 1060 1914 nullo
1084 1858 1171 1915 tem·

225 1969 308 2032 pore
322 1948 451 2026 feriari,
463 1950 621 2014 noctibus
637 1950 850 2025 consultare,
867 1949 987 2014 diebus
1003 1970 1171 2032 pugnare.

226 2048 441 2124 Edmundus,
466 2048 526 2112 diu
550 2048 740 2113 deliberato
765 2048 911 2113 consilio
935 2050 972 2114 in
999 2056 1099 2113 tanta
1120 2070 1174 2114 re-

226 2167 301 2219 rum
318 2147 492 2228 angustia,
510 2148 678 2230 optimum
702 2147 798 2213 factu
819 2149 1007 2215 arbitratus
1024 2149 1054 2212 si
1070 2150 1173 2214 urbes

225 2266 304 2330 quae
331 2246 527 2311 defecerant
548 2247 736 2330 pugnando
763 2248 943 2329 reciperet,
964 2249 1001 2311 in
1026 2248 1172 2314 eundem

226 2364 365 2410 sensum
392 2345 598 2424 Uhtredum‚
629 2347 802 2430 quendam
829 2343 1173 2412 Transhumbranum

227 2446 398 2523 comitem,
433 2445 599 2525 adduxit3
635 2452 780 2510 caeteras
813 2445 915 2523 enim,
950 2465 1028 2529 quae
1060 2446 1173 2514 adhuc

227 2544 332 2608 dubio
352 2544 470 2610 favore
492 2546 700 2627 pendebant,
723 2543 978 2608 confirmandas
1003 2546 1174 2627 putabant

228 2644 316 2707 side
333 2642 579 2710 rebellantibus
596 2661 721 2726 graves
737 2663 861 2726 poenas
874 2651 1061 2708 sumerent.
1106 2644 1174 2734 Sed

229 2742 357 2820 Cnuto,
383 2761 454 2806 non
483 2743 606 2808 minori
630 2743 797 2826 praeditus
824 2744 965 2820 astutia,
988 2742 1093 2806 simili
1115 2763 1174 2814 eos

227 2842 367 2924 ingenio
398 2842 642 2922 circumvenit3
674 2861 755 2906 nam
785 2842 1032 2907 commendatis
1055 2843 1174 2912 Westr

229 2940 438 3018 Saxonibus,
453 2949 489 3007 et
506 2941 716 3005 Marciorum
732 2948 832 3024 parte
849 2960 953 3023 quam
967 2941 1174 3025 subjecerat,

229 3041 373 3106 ducibus
396 3041 481 3118 suis,
495 3041 582 3122 ipse,
603 3041 639 3103 in
654 3040 970 3106 Northanbimbros
987 3040 1174 3123 profectus,

227 3140 495 3222 depopulatione
515 3140 670 3204 locorum
687 3139 880 3204 Uhtredum
905 3141 949 3204 ad
972 3159 1036 3204 sua
1057 3139 1174 3214 defen-

228 3239 338 3304 sanda
367 3239 477 3302 redire
502 3240 629 3321 coegit.
681 3239 819 3322 Itaque,
845 3239 926 3304 licet
948 3259 986 3304 se
1012 3239 1175 3318 dedisset,

227 3339 410 3403 barbarica
437 3337 581 3403 levitate
604 3335 725 3422 jussus
757 3344 812 3402 est
838 3338 1006 3422 jugulari.
1058 3337 1175 3410 Comi-

228 3444 324 3500 tatus
339 3437 414 3520 ejus
430 3437 532 3500 datus
549 3437 673 3516 Iricio;
698 3456 798 3518 quem
814 3444 948 3518 postea,
969 3455 1087 3520 aequas
1109 3438 1176 3500 sibi

228 3544 345 3619 partes
368 3537 620 3613 vendicantem,
647 3534 764 3600 Cnuto
793 3536 838 3598 ab
864 3533 995 3616 Anglia
1028 3535 1174 3617 expulit.

231 3635 290 3699 Ita
314 3635 480 3719 subjectis
503 3636 673 3712 omnibus
690 3633 921 3712 Edmundum,
936 3654 998 3717 per
1027 3642 1176 3699 semetra

227 3734 449 3816 fugitantem,
480 3754 550 3798 non
581 3734 678 3816 prius
715 3734 876 3817 persequi
905 3734 1039 3798 destitit
1071 3753 1176 3817 quam

231 3833 446 3897 Londoniam
476 3834 520 3897 ad
550 3841 684 3916 patrem
711 3833 910 3916 pervenisse
938 3841 1175 3915 cognosceret.

229 3932 329 3996 Tunc
354 3953 465 4016 usque
486 3940 568 4015 post
583 3932 722 3998 Pascha
742 3932 887 4016 quievit,
909 3940 950 3998 ut
971 3953 1048 3996 oum
1067 3931 1176 4002 omni-

265 4198 409 4265 Quoque]
431 4201 464 4250 Α.
485 4201 514 4250 S.
534 4201 569 4250 D.
588 4202 620 4250 Ε.
642 4201 688 4248 L:
753 4195 1176 4261 ²Soepenamero.]A.C.D.E.L.·,

229 4271 334 4332 quippe,
350 4272 380 4319 C.
718 4283 820 4317 numero
831 4273 856 4317 et
867 4283 923 4333 spe,
935 4268 963 4318 S.
