3190 5060
360 478 366 490 '
457 491 523 556 126
684 505 947 554 cnsrsnncou
971 504 1187 552 uncnonuu.
1281 489 1410 572 [mar.

457 664 627 747 nimisque
642 661 877 740 collaudastis,
900 662 1002 728 sicuti
1023 669 1059 726 et
1081 668 1135 726 est
1148 661 1309 726 videlicet
1323 656 1410 727 ¹cla·

456 765 611 828 rissimus
635 772 740 847 atque
766 763 1006 846 peritissimus,
1032 767 1068 825 et
1091 761 1174 843 quia
1195 761 1293 825 illum
1316 763 1411 827 scitis

393 915 395 918 .
457 864 672 946 prudentem,
700 864 800 928 bonis
824 869 983 927 ornatum
1007 861 1171 937 moribus
1187 862 1265 926 Deo
1288 869 1323 924 et
1348 861 1410 925 ho-

457 963 605 1027 minibus
629 962 792 1045 dignum3
816 983 895 1026 ecce
919 961 986 1049 (fili
1008 960 1204 1024 dulcissime
1230 967 1266 1025 et
1290 979 1410 1024 arnan-

456 1063 590 1126 tissime
614 1070 718 1145 atque
742 1062 1041 1145 praestantissime,
1063 1079 1127 1124 rex
1151 1056 1272 1144 bone,)
1294 1059 1332 1122 in
1357 1061 1410 1123 bis

456 1163 526 1226 tuis
556 1162 804 1227 assertionibus
834 1161 1071 1226 collaudamus
1102 1160 1216 1224 Deum
1253 1159 1408 1242 omnipo-

415 1279 416 1283 ’
456 1269 587 1326 tentem
612 1263 672 1345 qui
694 1263 799 1327 talem
812 1261 912 1326 vobis
932 1259 1184 1324 demonstravit
1205 1259 1408 1334 antistitem,

457 1361 528 1443 qui,
543 1364 633 1426 sicut
647 1381 749 1426 verus
772 1369 903 1445 pastor,
917 1359 1069 1423 indicere
1084 1359 1203 1425 verbis
1220 1358 1409 1422 secundum

456 1460 649 1526 doctrinam
662 1469 861 1525 sanctarum
883 1460 1131 1542 scripturarum
1143 1457 1282 1539 dignam
1298 1459 1411 1540 poeni·

455 1561 601 1626 tentiam
615 1561 720 1638 valet,
741 1569 777 1624 et
790 1579 921 1636 eruere,
936 1559 996 1642 qui
1018 1560 1083 1622 sub
1096 1557 1226 1622 ditione
1249 1558 1409 1621 sacerdo·

457 1660 520 1723 tali
533 1661 609 1745 ejus
623 1661 790 1736 existunt,
807 1660 941 1723 animas
964 1677 1081 1723 eorum
1103 1677 1149 1722 ex
1170 1656 1303 1721 inferno
1323 1656 1409 1720 infe·

456 1760 559 1837 riore,
585 1773 620 1824 et
646 1762 690 1824 ab
717 1761 797 1841 igne
818 1757 1074 1840 inextinguibili
1096 1757 1267 1821 deducens
1292 1775 1351 1820 eos
1374 1765 1410 1820 et

456 1858 677 1924 infraducens
693 1860 729 1922 in
744 1866 883 1941 portum
905 1859 1041 1935 salutis,
1065 1864 1100 1920 et
1118 1857 1239 1921 offerre
1253 1876 1316 1938 pro
1339 1856 1408 1920 illis

453 1958 607 2024 bostiam
618 1960 760 2041 dignam
768 1965 804 2021 et
813 1958 1068 2022 immaculatam
1077 1957 1113 2019 in
1123 1963 1310 2038 conspectu
1319 1956 1406 2019 divi-

457 2077 513 2122 nae
529 2057 723 2142 majestatis
737 2058 964 2140 omnipotenti
979 2058 1068 2122 Deo.
1106 2056 1152 2119 Et
1166 2055 1249 2138 quia
1261 2055 1407 2119 multum

457 2158 557 2222 nobis
572 2159 842 2241 praenominatus
856 2157 1135 2240 archiepiscopus
1150 2156 1187 2218 in
1200 2155 1294 2218 omni
1307 2173 1408 2220 sanc·

457 2256 559 2322 titate
585 2264 708 2323 suaet
733 2258 814 2322 vitae
840 2256 1103 2322 conversatione
1129 2256 1222 2320 ultro
1253 2254 1408 2337 citroque

457 2356 600 2438 placuit,
614 2357 716 2423 valde
740 2357 842 2420 nimis
867 2357 899 2420 ei
921 2356 1112 2431 credentes,
1135 2374 1180 2418 ex
1203 2355 1409 2418 auctoritate

458 2457 489 2519 ei
513 2457 606 2521 beati
634 2457 731 2522 Petri
756 2456 992 2539 apostolorum
1020 2454 1198 2537 principis,
1227 2453 1326 2536 cujus
1352 2453 1408 2516 vel

455 2555 617 2621 immeriti
634 2557 728 2622 vices
755 2557 918 2638 gerimus
933 2555 1039 2619 talem
1052 2553 1262 2636 praebuimus
1276 2571 1408 2635 praesu·

455 2653 577 2734 latum,
598 2663 638 2721 ut
657 2656 687 2720 si
710 2656 881 2739 quispiam
904 2675 949 2718 ex
972 2653 1136 2737 subjectis
1162 2653 1246 2729 suis,
1260 2660 1333 2716 tam
1355 2672 1409 2716 re·

456 2756 557 2837 gibus
583 2765 618 2820 et
645 2755 857 2840 principibus
880 2773 1052 2836 quamque
1080 2753 1239 2817 universo
1268 2751 1408 2835 populo,

455 2861 692 2938 transgressus
707 2841 1003 2919 fueritDominica
1017 2853 1193 2928 mandata,
1210 2870 1407 2915 excommu-

456 2956 549 3019 nicet
567 2976 646 3019 eum
661 2975 771 3036 usque
794 2954 976 3036 poeniteat,
996 2960 1043 3029 et,
1066 2951 1096 3014 si
1117 2950 1339 3033 impoenitens
1353 2950 1407 3014 fu·

455 3054 534 3131 erit,
556 3053 602 3118 sit
618 3054 714 3120 vobis
737 3055 827 3117 sicut
849 3053 1006 3116 ethnicus
1029 3060 1064 3116 et
1085 3051 1299 3133 publicanus.
1353 3051 1408 3114 De

454 3173 538 3218 vero
553 3154 742 3218 Ethelardo
757 3153 833 3237 jam
850 3152 943 3216 facto
961 3150 1218 3234 archiepiscopo
1233 3150 1408 3217 Dorover-

456 3253 573 3317 nensis
588 3252 755 3330 ecclesiae,
769 3252 860 3316 sicut
883 3271 904 3316 a
926 3252 1025 3316 nobis
1040 3249 1200 3332 poposcit
1213 3257 1407 3313 vestrorum

455 3353 643 3433 praesulum
665 3351 883 3429 excellentia,
908 3360 949 3415 ut
973 3351 1005 3414 ei
1019 3349 1192 3434 justitiam
1218 3348 1408 3413 faceremus

454 3451 498 3517 de
519 3452 604 3536 ipsis
621 3452 827 3517 dioecesibus
843 3451 927 3529 suiS,
944 3458 1017 3514 tam
1033 3449 1272 3533 episcoporum
1286 3467 1408 3530 quam·

454 3571 523 3633 que
537 3553 835 3628 monasteriorum,
850 3551 975 3632 quibus
996 3549 1127 3626 illicite,
1142 3556 1258 3612 utros
1279 3567 1408 3629 cogno·

454 3652 567 3729 vistis,
593 3652 790 3735 expoliatus
815 3658 880 3727 est,
904 3656 939 3714 et
965 3667 988 3712 a
1008 3647 1196 3713 venerabili
1217 3646 1298 3711 sede
1320 3647 1408 3731 ejus,
1498 3661 1502 3668 ·

454 3770 542 3832 quas
562 3752 691 3814 dudum
714 3751 839 3825 tenuit,
860 3750 985 3813 ablatae
1010 3755 1104 3826 sunt,
1124 3765 1200 3824 noa,
1216 3767 1279 3829 per
1291 3747 1408 3810 omnia

453 3849 667 3914 enucleatius
681 3849 902 3926 trutinantes
915 3849 953 3911 in
968 3866 1067 3912 sacro
1083 3847 1208 3911 scrinio
1222 3853 1342 3911 nostro
1351 3866 1407 3910 re-

453 3951 604 4034 perimus
618 3956 775 4013 sanctum
782 3947 1000 4030 Gregorium,
1014 3947 1303 4029 praedecessorem
1312 3938 1405 4009 ²nos-

490 4125 676 4178 waltramus
703 4132 773 4190 atquc
795 4125 917 4189 peritissi-
977 4121 1146 4186 ²Norbana]
1170 4123 1199 4172 S.
1219 4123 1248 4171 C.
1269 4123 1318 4180 E.;
1341 4121 1406 4170 alter

452 4196 526 4258 mus]
547 4199 576 4248 S.
591 4200 620 4249 0.
632 4199 668 4248 D.
684 4199 734 4258 E.;
751 4197 917 4257 clarissimus,
941 4195 1088 4254 ‘nostrum,'
1104 4192 1138 4243 A.
1155 4193 1186 4242 L.
1206 4193 1269 4240 read
1287 4191 1331 4239 ‘in
1347 4192 1405 4252 ipsa

452 4269 627 4330 dignissimus,
653 4268 809 4330 carissimus,
839 4270 916 4328 atque
941 4269 1026 4314 sancta
1039 4264 1109 4324 sede,
1120 4262 1204 4310 omnia
1212 4261 1228 4322 ς’
1244 4261 1280 4310 D.
1292 4261 1331 4309 M.
1343 4261 1405 4312 read

452 4337 630 4400 peritissimus,
641 4336 715 4387 M.
753 4337 754 4340 ’
940 4331 1358 4396 thesame,omitting‘nostn1m.’
