3150 5046
421 506 489 572 338
650 521 776 569 cnara
799 520 926 568 ancon
951 519 1163 570 nncnonun.
1237 507 1321 589 [nin.
1338 523 1379 569 n.

427 679 509 754 sior,
536 683 576 741 ut
592 677 775 759 magnates
795 677 891 739 illius
916 677 1051 741 castelli
1071 678 1199 742 blande
1222 679 1259 743 in
1281 677 1379 743 curia

428 777 521 860 regis
547 776 590 842 de
615 777 783 840 seditione
809 776 1095 841 convenirentur:
1118 778 1149 841 si
1174 798 1213 842 se
1235 786 1380 862 possent

428 877 656 960 explacitare,
671 877 773 940 illaesi
789 876 946 954 abirent;
969 876 1000 938 si
1021 877 1217 958 nequirent,
1233 871 1379 961 pecunia

431 978 488 1042 vel
510 995 693 1059 corporum
715 995 857 1040 suornm
878 975 1071 1057 dispendio,
1093 977 1169 1058 regi
1194 979 1294 1062 cujus
1317 997 1380 1060 pa·

431 1096 507 1141 cem
528 1074 753 1156 infregerant,
776 1082 812 1138 et
833 1075 951 1139 comiti
965 1094 1069 1157 quem
1087 1076 1260 1155 laeserant,
1277 1079 1381 1141 satis-

433 1176 606 1242 facerent:
630 1175 788 1256 iniquum
803 1174 972 1238 viderint
996 1193 1083 1256 quos
1106 1179 1214 1240 tutari
1241 1178 1382 1254 debeas,

435 1268 820 1358 eosipse¹potissimum
829 1273 1005 1337 inauditos
1017 1274 1205 1358 adjudices.
1230 1276 1381 1341 Itatunc

436 1375 637 1451 discessum,
653 1372 825 1438 Godwino
847 1373 947 1454 parvi
970 1374 1142 1454 pendente
1168 1377 1261 1458 regis
1286 1376 1381 1439 furo·
1450 1429 1458 1436 .

436 1493 509 1544 rem
523 1473 624 1556 quasi
640 1479 930 1537 momentaneum.
977 1471 1151 1550 Quocirca
1165 1477 1272 1539 totius
1283 1475 1382 1558 regni

437 1591 596 1657 proceres
606 1571 697 1656 jussi
707 1571 945 1635 Gloecestram
956 1573 1151 1651 convenire,
1167 1583 1207 1638 ut
1223 1575 1271 1638 ibi
1285 1592 1383 1656 mag·

438 1692 484 1740 no
496 1678 671 1736 conventu
685 1691 740 1735 res
751 1671 987 1735 ventilaretur.
1018 1671 1200 1738 Venerunt
1212 1667 1267 1738 ²eo
1277 1675 1382 1738 etiam

440 1771 728 1838 Northanbimbri
745 1770 887 1834 comites
902 1778 986 1834 tunc
997 1769 1229 1851 famosissimi,
1245 1774 1383 1856 Sywar·

439 1871 504 1935 dus
531 1878 568 1935 et
585 1869 776 1946 Leofricus,
793 1870 974 1951 omnisque
989 1868 1185 1952 Anglorum
1208 1874 1382 1938 nobilitas

441 1970 514 2034 Soli
533 1969 725 2034 Godwinus
742 1969 885 2052 ejusque
900 1968 974 2046 filii,
990 1969 1050 2052 qui
1066 1989 1103 2034 se
1122 1979 1302 2054 suspectos
1318 1973 1384 2036 sci-

440 2077 529 2146 rent,
546 2071 621 2133 sine
638 2069 799 2151 praesidio
820 2087 993 2132 armornm
1008 2071 1215 2135 veniendum
1237 2093 1309 2136 non
1331 2091 1386 2135 ar·

439 2169 571 2245 bitrati,
589 2187 666 2232 cum
681 2167 915 2232 manuvalida
930 2168 1143 2234 Beverstane
1165 2173 1386 2249 restiterunt3

442 2267 570 2331 famam
589 2274 743 2330 serentes
768 2269 806 2330 in
819 2267 959 2348 vulgae,
983 2269 1073 2349 quod
1098 2268 1177 2334 ideo
1198 2273 1388 2335 exercitum

444 2366 657 2430 adunassent
678 2373 717 2429 ut
739 2364 923 2430 Walenses
946 2377 1214 2449 compescerent,
1240 2371 1312 2452 qui,
1334 2377 1389 2452 ty-

445 2467 624 2530 rannidem
640 2464 677 2528 in
692 2485 809 2547 regem
824 2465 1043 2543 meditantes
1059 2469 1224 2551 oppidum
1239 2471 1277 2532 in
1298 2489 1390 2552 pago

447 2564 698 2629 Herefordensi
720 2566 1001 2646 obfirmaverant,
1030 2566 1090 2632 nbi
1121 2574 1204 2632 tunc
1233 2569 1391 2646 Swanus,

444 2685 537 2728 unus
559 2685 604 2728 ex
629 2665 710 2728 filiis
725 2663 900 2741 Godwini,
914 2665 1047 2729 militiae
1069 2669 1307 2748 praetendebat
1329 2689 1391 2732 ex·

447 2765 578 2830 cubias.
629 2764 698 2828 Sed
719 2764 903 2828 Walenses
922 2764 997 2846 jam
1024 2766 1235 2831 audientiam
1259 2787 1392 2850 praeve-

446 2871 584 2940 nerant,
602 2870 637 2926 et
653 2863 918 2946 conspirationis
937 2871 1119 2929 accusatos
1136 2867 1267 2930 invisos
1287 2870 1392 2932 curiae

449 2964 516 3027 toti
540 2963 705 3039 fecerant,
724 2962 815 3025 adeo
837 2969 877 3025 ut
907 2983 1025 3026 rumor
1056 2973 1279 3046 spargeretur
1301 2968 1393 3049 quod

446 3062 484 3124 in
513 3061 632 3124 eodem
661 3061 738 3123 loco
768 3062 884 3142 regius
909 3064 1083 3126 exercitus
1107 3062 1167 3128 eos
1191 3066 1391 3130 adoriretur.

450 3158 532 3236 Quo
547 3166 701 3240 accepto,
720 3158 911 3224 Godwinus
928 3163 973 3225 ad
995 3162 1196 3246 conjuratos
1212 3166 1394 3230 classicum

447 3258 575 3321 cecinit
589 3265 628 3322 ut
644 3259 735 3323 ultro
752 3259 890 3323 domino
903 3262 977 3342 regi
993 3281 1062 3325 non
1077 3262 1276 3328 resisterent
1290 3286 1298 3344 3
1322 3266 1395 3341 sed,

450 3358 481 3422 si
505 3358 667 3423 conventi
689 3359 848 3436 fuissent,
878 3361 961 3441 quin
988 3380 1026 3425 se
1047 3360 1295 3428 ulciscerentur
1318 3365 1396 3428 loco

449 3477 521 3522 non
552 3457 723 3522 cederent.
786 3458 833 3521 Et
860 3458 1015 3539 profecto
1042 3459 1176 3524 facinus
1202 3464 1397 3527 miserabile

452 3563 488 3619 et
502 3555 687 3638 plusquam
703 3556 953 3636 civile-bellum
969 3558 1104 3637 fuisset,
1119 3561 1186 3623 nisi
1207 3564 1398 3627 maturiora

451 3655 597 3718 consilia
642 3656 929 3720 intercessissent.
998 3657 1057 3721 lta
1094 3661 1400 3744 quantulacunque

449 3743 638 3816 'concordia
666 3754 803 3817 interim
830 3754 930 3833 inita,
960 3756 1085 3820 iterum
1113 3768 1325 3844 praeceptum
1361 3769 1402 3826 ut

455 3850 671 3916 Londoniam
689 3854 871 3917 concilium
888 3864 1177 3937 congregaretur3
1201 3860 1402 3925 mandatum

452 3950 580 4015 Swano
603 3953 677 4016 filio
696 3952 858 4016 Godwini
873 3960 913 4016 ut
929 3952 1013 4034 fuga
1035 3974 1100 4018 sua
1119 3958 1211 4039 regis
1233 3960 1321 4023 iram
1338 3961 1403 4025 mi·

486 4218 497 4250 '¹
510 4221 699 4287 Potissimum]
711 4222 744 4274 A.
755 4224 784 4274 S,
797 4226 826 4275 C.
835 4224 869 4274 D.
878 4225 923 4285 L.;
984 4221 995 4252 ²
1013 4227 1051 4273 Eo
1070 4222 1172 4294 etiam]
1202 4229 1231 4277 S.
1249 4227 1284 4276 D.
1304 4229 1337 4277 Ε.
1356 4231 1409 4292 L.;

454 4291 558 4340 omitted
569 4292 595 4340 iu
607 4295 639 4342 E.
948 4295 1024 4343 etiam
1035 4296 1081 4359 ibi,
1093 4299 1122 4346 C.
1134 4312 1140 4357 ;
1157 4311 1217 4358 ergo
1228 4312 1258 4346 eo
1268 4298 1354 4361 etiam,
1365 4298 1399 4350 A.
