3150 5046
213 499 284 546 mn.
300 482 356 562 ιι]
431 497 545 546 cnsru
568 496 696 546 aucun
723 496 935 545 suenorum
1097 483 1161 548 361

213 652 352 718 lesiensi
378 655 549 732 coenobio,
577 655 670 738 quod
700 662 831 718 sanetae
854 653 1032 736 religionis
1057 647 1163 720 ¹Wil-

213 751 322 817 fridus
344 749 522 819 monachis
538 754 842 818 Northanhimbris
864 755 1069 837 repleverat,
1089 759 1163 820 exi-

214 853 332 916 tialem
346 856 502 918 morbum
513 861 673 919 exortum
684 855 813 918 multos
823 873 981 934 necasse;
996 853 1161 937 reliquos,

214 952 375 1017 triduano
392 953 524 1018 indicto
534 955 682 1039 jejunio,
696 961 829 1036 pestem
846 954 974 1036 pellere
990 961 1158 1021 tentasse.

214 1050 373 1116 Secunda
388 1052 515 1137 jejunii
532 1053 597 1131 die,
613 1055 734 1118 beatos
757 1031 934 1136 apostolos
958 1052 1102 1118 Petrum
1125 1063 1161 1126 et

213 1149 376 1230 Paulum,
392 1173 500 1234 puero
516 1154 635 1218 eadem
650 1153 849 1218 valetudine
866 1154 1083 1218 decumbenti
1095 1175 1158 1238 ap-

211 1259 387 1332 parentes,
401 1252 455 1316 his
464 1253 563 1316 illum
577 1253 768 1317 animasse:
784 1272 853 1316 non
864 1273 942 1316 eum
952 1253 1074 1317 debere
1087 1274 1158 1318 me-

212 1357 309 1414 tuere
332 1359 477 1415 mortem
501 1351 748 1428 imminentem,
765 1370 843 1435 quae
860 1352 906 1416 sit
924 1358 959 1415 et
976 1354 1158 1434 praesentis

211 1449 390 1532 languoris
414 1452 529 1514 exitus
544 1459 580 1516 et
593 1453 674 1516 vitae
689 1451 850 1534 perennis
865 1450 1036 1517 introitus.
1082 1452 1159 1518 Cae-

212 1555 334 1628 terum,
348 1551 517 1614 neminem
530 1551 573 1614 de
588 1551 648 1615 illo
659 1551 868 1616 monasterio
885 1551 949 1615 hac
960 1547 1158 1633 pestilentia

210 1649 426 1728 moriturum,
451 1650 544 1733 quod
570 1651 667 1714 Deus
696 1651 855 1733 praeclari
885 1635 977 1733 re'gis
1004 1650 1159 1716 Oswaldi

204 1750 419 1820 ¹concesserit
444 1751 587 1827 meritis
609 1769 673 1832 pro
696 1750 933 1832 compatriotis
957 1750 1076 1814 eadem
1102 1751 1157 1816 die

210 1849 463 1931 supplicantis3
491 1850 584 1913 hunc
615 1850 706 1913 enim
739 1869 815 1914 esse
845 1849 935 1912 diem
966 1869 1035 1933 quo
1065 1850 1156 1915 idem

209 1965 284 2025 rex,
308 1956 482 2030 peremtus
506 1969 527 2012 a
550 1949 702 2032 perfidis,
724 1941 904 2013 ‘stellatum
922 1950 959 2013 in
981 1957 1157 2015 momento

210 2047 361 2111 tribunal
386 2049 634 2114 conscenderit.
687 2049 892 2127 Quaererent
913 2068 997 2132 ergo
1018 2051 1055 2112 in
1077 2050 1156 2116 albo

208 2165 278 2228 quo
304 2155 516 2214 mortuorum
540 2149 779 2214 scribebantur
803 2149 954 2227 nomina,
979 2157 1014 2213 et
1045 2149 1075 2212 si
1104 2150 1157 2216 ita

208 2245 414 2327 invenirent,
439 2249 553 2313 soluto
578 2249 727 2332 jejunio,
756 2249 934 2313 securitati
964 2256 999 2313 et
1022 2249 1154 2314 laetitiae

208 2345 439 2430 indulgentes,
466 2350 647 2412 missarum
677 2348 833 2412 solennia
857 2349 935 2412 Deo
965 2356 1001 2412 et
1032 2359 1155 2415 sancto

204 2447 283 2526 regi
310 2449 542 2511 concinerent.
607 2441 721 2510 ²Huic
744 2448 871 2511 visioni
899 2447 998 2528 pueri
1019 2463 1112 2512 mors
1135 2471 1154 2514 e

208 2545 356 2626 vestigio
383 2547 581 2623 subsecuta,
612 2546 843 2628 martyrisque
866 2546 941 2609 dies
967 2547 1003 2610 in
1026 2555 1153 2632 marty·

208 2643 340 2724 rologio
354 2644 508 2724 inventa,
523 2645 624 2708 simul
640 2652 675 2709 et
692 2645 850 2728 expulsio
866 2645 987 2723 morbi,
1003 2646 1046 2710 ab
1061 2649 1153 2712 omni

207 2744 386 2823 provincia
404 2745 489 2808 adeo
507 2752 589 2808 sunt
611 2751 789 2822 attestata,
806 2752 845 2809 ut
860 2764 984 2807 nomen
999 2745 1153 2811 Oswaldi

207 2861 250 2904 ex
270 2850 352 2909 tunc
372 2845 462 2908 inter
474 2852 644 2927 martyres
663 2851 864 2923 notaretur3
887 2843 991 2926 quod,
1014 2865 1077 2927 pro
1099 2866 1153 2910 re-

207 2945 299 3007 centi
325 2944 457 3022 funere,
473 2944 622 3008 fidelium
651 2951 754 3008 antea
776 2963 918 3007 numero
941 2945 1150 3010 sociabatur.

207 3040 335 3107 Merito
359 3064 455 3125 ergo,
483 3044 617 3121 merito,
643 3044 797 3127 inquam,
819 3043 1024 3121 laudandus,
1050 3045 1150 3128 cujus
1247 3035 1250 3042 ’

204 3142 350 3222 gloriam
378 3144 514 3208 divinus
538 3163 700 3208 assensus
731 3144 924 3226 approbato
949 3143 1077 3208 extulit
1098 3145 1151 3208 in·
1212 3156 1221 3162 “

205 3241 306 3320 dicio,
340 3250 380 3308 ut
413 3264 492 3308 eum
530 3245 711 3307 missarum
747 3244 951 3324 praeciperet
983 3243 1150 3308 celebrari

99 3358 103 3414 1
204 3343 380 3420 praeconio
392 3362 410 3421 3·
429 3344 608 3419 inusitato,
634 3349 673 3407 ut
695 3342 828 3423 opinor,
859 3341 1062 3406 mortalibus
1088 3364 1149 3407 ex-

204 3440 328 3521 emplo.
381 3440 417 3504 N
419 3461 438 3504 e
465 3449 580 3506 autem
600 3442 674 3505 haec
701 3441 883 3506 videantur
907 3440 1042 3518 frivola,
1069 3461 1149 3522 pro·

204 3537 299 3601 hibet
327 3539 523 3606 indubitata
552 3541 707 3605 historici
741 3539 942 3615 auctoritas,
977 3540 1148 3623 simulque
1252 3563 1254 3570 '

200 3637 323 3703 beatus
339 3633 540 3723 ³episcopus
555 3639 663 3717 Acca,
680 3641 839 3733 relatoris
856 3639 1062 3728 symmistes.

254 3737 362 3820 §209.
387 3734 579 3823 4Egbertus
605 3761 668 3805 rex
683 3739 962 3817 Cantuariorum,
977 3739 1068 3802 filius
1085 3739 1146 3802 Er-

162 4008 164 4012 '
234 3998 418 4070 ¹Wilfridur.]
431 4005 479 4053 See
490 4003 573 4066 note1,
584 4009 659 4066 pls.
686 4003 746 4070 (See
769 4003 851 4064 Beda,
872 4001 918 4052 lib.
939 4015 963 4052 v.
987 4018 1009 4051 c.
1029 4017 1074 4054 xx.
1096 4004 1147 4053 and

234 4068 345 4134 ²Hutc.]
358 4073 390 4122 E.
398 4073 429 4122 L.
437 4089 444 4133 ;
452 4073 523 4123 Huic
530 4075 660 4134 autem,S.
687 4073 790 4122 Smith's
800 4077 858 4120 note
868 4086 900 4121 on
911 4072 967 4121 that
977 4069 1097 4135 subject.)

233 4140 390 4204 ³Episcopu³
401 4137 490 4210 Accu]
507 4145 587 4205 Acca,
599 4145 661 4192 Wil-
723 4141 732 4169 ⁴
746 4143 870 4204 Egbertas
886 4156 932 4190 rex
952 4143 1148 4206 Contrariorum,

122 4233 123 4236 ¹
198 4212 285 4262 lerth’s
307 4213 396 4272 priest,
415 4213 557 4261 succeeded
576 4218 601 4261 to
620 4213 662 4261 the
681 4211 756 4276 filius
766 4210 926 4272 Ercomberti,
937 4214 965 4260 de
976 4213 1063 4276 quibus
1074 4228 1147 4276 supra

198 4281 345 4344 bishoprick
363 4282 392 4332 of
413 4282 532 4333 Hexham
556 4283 581 4331 in
605 4286 661 4333 ⁷10.
688 4281 766 4345 dixi]
783 4281 850 4344 §12,
860 4296 885 4342 p.
898 4285 938 4330 21.

1160 3697 1231 3738 saints
1240 3699 1282 3739 Ae-

1159 3748 1241 3788 thelred
1251 3760 1274 3788 or

1160 3797 1256 3845 Elberht,
1265 3800 1307 3838 and

1160 3848 1294 3899 Aegelberhr.
