3150 5046
188 513 331 596 ninii]
413 529 527 579 unsre
551 528 677 578 ennon
701 527 914 577 suenorum
1073 510 1139 576 383

192 686 331 769 Angliae
361 686 467 751 dedit.
531 685 617 750 Erat
645 685 706 750 ille
733 685 799 749 hoc
829 703 970 748 munere
1001 684 1140 766 dignus

193 794 364 870 praestans
381 786 487 850 enimi
496 784 649 869 juvenis,
666 784 776 867 etqui
799 784 836 848 in
858 802 1056 866 supremum
1070 783 1140 847 fes·

193 887 317 968 tigium
334 885 441 949 alacri
459 885 577 950 labore
597 891 820 964 exer-everen
844 891 1012 966 praeterea
1034 903 1141 967 prox·

195 986 264 1049 ime
290 984 579 1066 consanguineus,
608 983 699 1049 filius
734 982 881 1048 Roberti
911 982 974 1046 filii
999 981 1142 1047 Ricardi

196 1083 350 1161 secundi,
367 1104 469 1167 quem
491 1083 633 1147 fratrem
656 1083 762 1147 luisse
779 1081 911 1147 Emmae
934 1082 1056 1145 metris
1071 1082 1142 1146 Ed·

193 1183 305 1247 wardi
319 1203 390 1246 non
401 1182 506 1246 semel
520 1181 677 1264 estquod
692 1182 852 1245 diximus
905 1174 1056 1245 ¹Ferunt
1066 1181 1141 1263 qui·

198 1282 277 1346 dem
290 1282 404 1364 ipsum
419 1280 615 1345 Huroldum
629 1297 651 1343 e
664 1300 746 1362 rege
758 1281 796 1344 in
810 1280 877 1345 hoc
891 1279 1143 1344 Normanniam

198 1382 361 1445 missum:
380 1380 451 1457 elii,
469 1380 663 1444 secretioris
677 1379 812 1444 consilii
828 1379 969 1456 conscii,
983 1380 1144 1456 invitum,

199 1479 294 1544 venti
305 1479 473 1544 violentie
491 1478 574 1543 illuc
590 1486 718 1556 ectum,
732 1498 802 1560 quo
824 1497 863 1541 se
882 1485 1037 1542 tueretur
1049 1478 1146 1542 inve·

200 1579 293 1642 nisse
317 1584 568 1658 commentum3
592 1578 696 1660 quod,
711 1572 813 1660 ²quia
834 1577 977 1660 propius
995 1595 1078 1641 vero
1092 1577 1145 1640 vi·

200 1678 314 1752 detur,
347 1695 532 1759 exponam.
584 1675 764 1740 Heroldns
794 1677 831 1740 in
860 1676 1028 1758 proedium
1055 1675 1146 1758 juris

201 1776 256 1840 sui
270 1771 464 1840 ³Bosehnm
477 1783 621 1840 venerat
633 1796 642 1840 ε
665 1775 726 1854 ibi,
740 1782 781 1838 ut
794 1775 946 1838 animum
957 1773 1146 1839 oblectaret

201 1894 315 1952 sunm,
345 1875 570 1958 piscatorium
598 1873 798 1939 conscendit
819 1874 1010 1956 navigium,
1032 1881 1067 1937 et
1092 1874 1146 1936 in·

200 1976 302 2038 terim
325 1974 462 2056 quidem
486 1972 703 2054 longiusculo
727 1972 811 2037 ludo
831 1972 869 2035 in
891 1974 1001 2037 altum
1027 1991 1147 2054 proce-

201 2073 314 2154 ditur;
332 2071 405 2149 sed,
420 2073 536 2137 subito
549 2071 696 2136 adverse
708 2078 914 2154 tempestate
927 2077 1058 2147 coortu,
1073 2073 1148 2154 ipse

203 2192 282 2237 cum
304 2172 480 2236 sodalibus
504 2172 541 2235 in
557 2171 744 2237 Pontivum
769 2189 898 2254 pagum
920 2171 1147 2253 compellitur.

205 2272 376 2336 Homines
398 2271 492 2334 illius
513 2271 677 2352 regionis,
693 2290 756 2353 pro
780 2289 876 2335 more
900 2270 1013 2352 gentis
1032 2269 1149 2346 insito,

203 2378 346 2453 repente
368 2369 520 2433 exomni
540 2377 640 2452 parte
664 2368 912 2448 convolaver03
935 2370 1084 2433 inermes
1105 2370 1150 2433 ab

206 2469 361 2544 ermetis,
383 2467 485 2550 pauci
509 2484 532 2530 a
555 2468 711 2550 pluribus
731 2465 842 2552 (quod
865 2467 966 2531 focile
989 2463 1073 2549 fuit)
1087 2486 1150 2548 op·

206 2567 329 2650 pressi,
351 2585 474 2630 manus
498 2567 654 2644 manicis,
679 2566 785 2649 pedes
813 2566 1035 2648 compedibus
1062 2583 1152 2649 pree·

206 2667 323 2730 buere.
375 2664 567 2744 Heroldus,
583 2672 701 2730 astuto
724 2671 863 2748 pectore
879 2665 1023 2729 volvens
1048 2683 1151 2730 cesus

206 2764 406 2842 remedium,
431 2763 603 2829 bominem
629 2764 808 2847 promissis
836 2763 1034 2845 ingentibus
1057 2764 1153 2827 solli·

207 2865 352 2929 citatum
374 2863 419 2927 ud
434 2861 647 2927 Willelmum
673 2863 802 2927 mittit:
830 2863 974 2926 missum
1000 2881 1038 2928 se
1061 2862 1155 2927 Nor-

208 2963 385 3028 manninm
399 2982 422 3027 o
434 2981 527 3044 rege,
541 2969 582 3028 ut
595 2961 689 3045 quod
705 2963 856 3026 minores
875 2963 991 3026 nuncii
1002 2962 1153 3027 balbuti-

208 3068 309 3128 erant
330 3062 406 3146 ipse
433 3061 651 3144 potissimum
673 3079 737 3126 sue
762 3061 982 3127 confirmaret
1001 3080 1153 3145 praesen·

208 3328 338 3390 opposuit,
348 3332 374 3376 et
390 3341 449 3376 eum
465 3327 515 3376 sibi
532 3326 669 3376 succedere
695 3324 797 3374 Deinde
831 3324 982 3388 Horridum,
1009 3331 1156 3376 cumetomm

208 3397 235 3446 in
253 3409 359 3456 regnum
380 3394 483 3456 englis
499 3409 562 3443 voce
584 3393 671 3444 stabili
695 3407 751 3442 suar
773 3393 950 3443 deminutionis
973 3397 1092 3444 comitum
1118 3396 1158 3444 di·

210 3462 480 3530 sancirit’(1ngulpb.
492 3478 518 3524 p.
530 3460 601 3526 899.)
617 3463 671 3512 'l'he
696 3462 766 3510 vitiis
777 3462 906 3512 ethonore
918 3479 948 3512 ec
958 3465 1070 3525 potentin
1078 3466 1156 3513 mnxi·

212 3533 358 3583 succession
384 3531 414 3580 ol
437 3531 551 3580 Williem
575 3536 603 3581 to
628 3532 672 3580 tho
697 3544 775 3591 mum,
797 3531 859 3582 duci
874 3532 1019 3594 destinarit,
1036 3539 1065 3583 ut
1083 3534 1108 3582 ei
1125 3535 1158 3583 de

211 3602 299 3652 throne
323 3601 353 3652 ol
380 3599 498 3663 Englund
518 3601 543 3650 is
564 3614 581 3650 s
602 3601 674 3662 point
697 3601 1157 3666 coronesuefidelitatemleceretec

212 3685 280 3720 more
297 3670 414 3720 involved
429 3670 456 3720 in
473 3670 602 3731 obscurity
612 3670 673 3719 then
699 3668 843 3719 Christiano
859 3684 927 3720 more
946 3674 1108 3721 sacramentis
1118 3674 1160 3721 fir·

213 3739 439 3802 snyotberofonr
448 3739 553 3800 history.
698 3738 795 3786 meret'
823 3737 906 3805 (Will.
922 3739 1023 3790 (lomet.
1041 3742 1111 3794 Hlst.
1133 3757 1157 3792 e.

249 3807 366 3858 ¹Fersst
380 3809 479 3872 quidom
493 3809 573 3872 ipsust
583 3807 675 3856 Hurol·
699 3803 788 3870 xxxi.)
822 3807 870 3858 See
893 3809 947 3858 nlso
963 3809 1037 3860 Gnil.
1055 3811 1157 3862 Pietas.

214 3879 272 3927 deon
288 3893 304 3928 a
320 3891 379 3941 rege
395 3877 422 3926 is
437 3878 481 3927 boc
501 3878 676 3927 Norstusss'om
699 3877 1114 3942 An.1⁰65‚interNcrm.Script.

214 3943 338 4016 missum]
354 3949 363 3977 ⁴
372 3947 517 3997 Edwardus
534 3947 676 4010 Anglornm
735 3943 821 4002 'Quia
828 3947 1161 4012 propiuscerooidetur,sae·

213 4032 270 4079 rex,
290 4017 450 4068 successione
474 4017 553 4079 prolis
579 4030 678 4078 cerens,
700 4017 808 4080 ponem]
825 4017 1160 4068 E.omits‘vero.'—Com·

213 4088 274 4136 olim
285 4087 389 4137 miseret
398 4086 526 4137 willelmo
537 4086 598 4136 duci
610 4087 679 4136 Rod-
702 4099 763 4146 pero
781 4086 832 4134 this
849 4090 982 4136 statement
991 4088 1056 4138 with
1066 4088 1161 4138 chron.

215 4157 314 4206 bertum
329 4156 525 4207 cantuariorum
541 4156 679 4218 archiprae·
703 4155 807 4204 Roberti
813 4156 846 4204 de
855 4155 984 4206 Montesd
994 4157 1163 4222 sigebertum,

214 4227 306 4290 sulem,
316 4241 349 4275 ex
361 4241 438 4290 regno
448 4240 466 4276 s
476 4227 533 4276 Dec
544 4226 596 4276 sibi
607 4227 679 4276 sttri·
703 4223 773 4287 spud
780 4225 929 4289 Achenum,
939 4243 966 4288 p.
977 4230 1035 4276 ill.

217 4296 279 4346 bnto
300 4297 373 4346 illum
399 4299 515 4347 statuens
542 4295 677 4346 heredem.
738 4291 903 4356 worm]
925 4297 997 4346 Neur
1008 4294 1164 4348 Chicbester.
