3150 5046
227 501 297 549 mu.
314 483 371 562 11.]
457 498 571 551 ousrn
594 498 722 547 nusuu
746 501 960 550 Anonouuu.
1112 488 1178 574 293

225 656 350 719 tieutia
380 654 446 718 sibi
469 656 714 718 substerneret.
769 655 929 738 Denique
951 656 1060 721 fertur
1083 661 1176 743 quod

224 757 397 833 noctibus,
428 754 604 819 custodias
634 753 841 818 famulorum
866 755 1002 835 fallens,
1031 759 1175 822 incomi-

224 861 320 919 tatus
344 854 388 918 ad
415 855 604 918 matutinas
636 853 882 917 monachorum
910 857 1026 920 venire
1050 845 1173 923 solitus

223 953 339 1031 fuerit,
356 948 613 1036 ¹genuflexibus
630 971 739 1034 usque
763 953 808 1016 ad
829 954 940 1018 lucem
959 956 1172 1024 incumbens.

225 1052 267 1116 Id
284 1055 477 1137 praesertim
489 1052 581 1135 apud
597 1053 820 1116 Fiscauuium
834 1073 1012 1133 exerceuS,
1023 1057 1173 1139 quedam

223 1160 324 1216 nocte
353 1154 523 1216 maturius
560 1171 598 1215 se
628 1153 775 1232 agebam
804 1171 950 1237 cumque
981 1155 1174 1223 invenisset

223 1253 350 1316 ostium
365 1253 575 1329 obseratum,
590 1270 737 1315 excusso
752 1251 937 1316 violentius
949 1257 1099 1336 pessulo,
1114 1277 1171 1321 so-

222 1371 340 1432 porem
361 1352 517 1416 sacristae
545 1351 713 1415 turbavit.
765 1350 842 1428 Ille,
872 1353 1017 1418 miratus
1045 1353 1081 1418 in
1108 1357 1170 1421 tali

222 1453 335 1515 noctis
360 1451 502 1515 horrore
527 1450 698 1532 pulsantis
722 1451 916 1532 strepitum,
945 1455 1108 1532 surrexit,
1132 1464 1171 1521 ut

220 1550 354 1615 videret
367 1558 441 1615 tam
455 1550 595 1614 audacis
612 1541 697 1614 facti
709 1550 884 1613 conscium
897 1571 905 1630 ;
928 1551 1170 1638 reperiensque

221 1657 261 1714 ut
288 1650 471 1715 videbatur
499 1649 678 1726 rusticum,
707 1648 842 1730 plebeio
868 1657 998 1714 tectum
1028 1655 1169 1732 amictu,

220 1769 290 1813 non
312 1750 427 1833 potuit
440 1749 555 1813 auimo
578 1768 641 1812 suo
663 1749 831 1830 imperare
847 1756 887 1813 ut
901 1751 1059 1815 manibus
1081 1760 1168 1830 tem,-

222 1857 370 1931 peraret,
394 1850 466 1927 sed,
487 1848 681 1913 vehementi
705 1847 785 1912 felle
812 1857 1014 1928 commotus,
1039 1852 1167 1916 crinem

219 1947 364 2036 invadit,
381 1949 509 2012 multos
530 1946 658 2012 illustri
671 1947 745 2012 viro
767 1948 931 2031 colaphos
953 1949 1166 2032 infringens:

220 2047 323 2112 durat
344 2048 402 2112 ille
424 2047 618 2112 incredibili
645 2047 826 2128 patientia,
851 2068 915 2112 nec
940 2051 1065 2113 mutire
1091 2050 1167 2134 dig-

220 2155 333 2211 natus.
360 2151 363 2155 ’
398 2148 545 2211 Postero
574 2147 630 2210 die
657 2146 694 2209 in
719 2147 872 2228 capitulo
902 2148 1077 2230 querelam
1109 2151 1168 2215 de-

220 2249 341 2330 ponit3
364 2247 485 2330 iraque
501 2246 674 2322 simulata,
690 2246 896 2310 monachum
910 2248 954 2310 ad
970 2249 1085 2312 vicum
1099 2246 1168 2313 Ar-

219 2337 363 2428 gentias'
379 2347 445 2411 sibi
466 2345 633 2428 praecepit
654 2364 845 2422 occurrere,
867 2346 1032 2411 minitans
1057 2367 1095 2411 se
1113 2349 1167 2412 ul·

218 2452 334 2510 turum
358 2447 395 2510 in
417 2445 491 2530 ejus
519 2445 725 2527 pervicacia,
749 2445 841 2525 quod
866 2452 943 2509 tota
969 2446 1169 2528 loqueretur

216 2543 347 2608 Gallia.
392 2545 460 2609 Die
476 2544 570 2608 dicta
586 2543 757 2640 monapho
768 2550 918 2621 astante,
933 2552 970 2608 et
984 2565 1056 2628 prae
1071 2554 1164 2612 metu

218 2645 532 2726 pene'exanimato‚
555 2663 627 2706 rem
648 2643 847 2726 proceribus
869 2646 1024 2727 exponit,
1040 2647 1166 2710 atroci-

218 2750 326 2808 tatem
342 2744 425 2808 iacti
444 2764 507 2826 per
521 2742 824 2824 amplificationem
847 2763 1083 2828 exaggeratum
1108 2765 1166 2810 co·

215 2850 357 2908 nantem
388 2862 484 2908 reum
512 2842 720 2925 respondere
751 2841 885 2906 callidis
914 2843 1166 2927 objectionibus

217 2942 417 3034 aliquandiu
447 2941 639 3025 suspendit.
691 2941 885 3019 Postremo,
916 2951 956 3007 ut
981 2943 1166 3026 jocundior

217 3049 308 3107 esset
330 3043 560 3106 miserationis
583 3040 739 3118 materia,
762 3042 807 3104 ab
829 3035 1053 3124 optimatibus
1070 3043 1165 3127 judiss

217 3147 333 3205 catum
349 3141 536 3205 clementer
550 3140 711 3218 absolvit,
727 3147 908 3224 totumque
923 3143 1039 3206 vicum
1054 3143 1164 3221 illum,

217 3237 278 3322 qui
292 3241 413 3324 optimi
427 3240 499 3304 viui
520 3240 620 3304 ferax
642 3258 718 3302 esse
740 3240 877 3317 dieitur,
895 3260 973 3303 cum
996 3243 1163 3324 appendi·

218 3341 275 3403 tiis
291 3341 375 3416 suis,
391 3338 502 3403 officio
513 3333 607 3422 ²ejus
624 3338 777 3416 addixit3
796 3339 1029 3420 pronuncians
1043 3359 1164 3405 mona·

217 3438 318 3501 chum
343 3458 420 3502 esse
435 3440 614 3521 optimum,
634 3437 706 3521 qui,
719 3439 807 3501 bene
822 3437 1019 3501 custodiens
1038 3458 1163 3502 munus

215 3537 420 3624 injunctum,
439 3532 519 3602 ³uec
540 3537 692 3620 percitus
714 3537 767 3600 ira
788 3536 961 3600 laxaverit
976 3537 1160 3602 silentium.

216 3629 322 3702 ⁴Post
336 3638 462 3720 viginti
476 3644 555 3702 octo
571 3655 681 3700 annos
697 3634 843 3700 ducatus
858 3636 979 3701 mortis
994 3636 1086 3700 viam
1109 3639 1163 3701 in·

251 3865 258 3894 ¹
274 3867 473 3932 Genaflexibue]
487 3868 516 3917 C.
528 3867 564 3918 D.
576 3868 609 3917 E.
622 3867 677 3928 M.;
704 3865 820 3927 example
838 3865 868 3914 of
883 3866 926 3914 the
946 3880 1062 3916 munnere
1078 3866 1108 3915 of
1121 3867 1164 3916 the

215 3938 442 4000 genuflexionibus,
452 3937 486 3986 A.
498 3938 527 3986 S.
539 3936 571 3986 L.
702 3950 759 3999 age.
779 3935 862 4000 (Prol.
874 3936 937 3984 Rec.
949 3935 994 3986 des
1007 3937 1076 3986 Hist.
1088 3937 1121 3986 de
1137 3937 1164 3986 la

249 4004 356 4071 Ullus]
368 4006 402 4057 A.
412 4009 442 4056 C.
455 4006 491 4057 D.
500 4007 532 4055 E.
542 4006 574 4055 L.
584 4021 592 4066 ;
609 4007 677 4067 ejus·
703 4005 809 4064 Franco,
819 4009 879 4054 tom.
891 4001 931 4067 x.)

216 4077 274 4126 dem
285 4077 410 4136 sacristae,
420 4076 450 4126 S.
738 4071 829 4122 ⁴Post
843 4073 936 4134 viginti
953 4078 1005 4121 ueto
1026 4089 1101 4123 annus
1118 4077 1164 4124 du·

250 4144 326 4195 ‘'Nec
333 4141 465 4212 percitus]
483 4144 545 4193 This
556 4143 677 4192 anecdote
702 4138 804 4210 cutm]
837 4142 950 4192 Richurd
972 4143 1010 4192 II.
1033 4143 1092 4192 held
1120 4145 1163 4193 the

214 4214 243 4263 oi
255 4216 366 4264 Richard
379 4216 418 4276 ΙΙ,
430 4215 499 4264 duke
514 4212 544 4262 of
552 4215 678 4262 Normun-
703 4213 788 4275 duehy
799 4211 829 4260 of
837 4211 985 4273 Normaudy
993 4212 1071 4276 thirty
1080 4211 1164 4276 years.

216 4284 260 4349 dy,
271 4285 318 4336 has
329 4287 394 4336 been
405 4284 473 4334 cited
485 4297 514 4334 as
528 4298 544 4332 a
563 4283 678 4347 singular
703 4283 750 4332 See
762 4285 818 4332 note
829 4279 849 4346 ⁸,
861 4297 886 4344 p.
900 4285 957 4333 292.
