3180 5048
220 473 361 554 111111]
445 489 558 536 cnsrn
583 489 709 536 aucun
734 489 949 538 nacionum.
1106 477 1171 541 207

221 647 409 713 invadendi
447 647 556 730 regni,
594 667 673 710 cum
710 647 910 730 supradicto
942 647 1172 713 Constantino

221 750 346 812 iterum
362 748 561 823 rebellante,
579 748 743 811 terminos
760 749 956 811 transierat.
990 747 1037 811 Et
1050 748 1171 812 Ethel-

221 855 323 911 stano
347 867 393 910 ex
415 847 574 912 consulto
590 847 745 923 cedente,
764 854 804 910 ut
823 847 1007 927 gloriosius
1020 847 1095 929 jam
1117 848 1171 911 in-

221 947 410 1010 sultantem
433 947 599 1024 vinceret,
621 947 769 1009 multum
793 947 829 1009 in
844 944 1010 1027 Angliam
1032 965 1172 1028 proces-

222 1053 316 1109 serat
338 1045 479 1128 juvenis
519 1045 770 1108 audacissimus
808 1050 844 1108 et
878 1045 1002 1108 illicita
1034 1045 1172 1128 spirans

222 1145 350 1221 anim0‚
374 1145 430 1208 cui
454 1145 593 1207 tandem
608 1145 745 1225 magnis
763 1144 894 1206 artibus
912 1143 1049 1222 ducum,
1073 1165 1172 1227 mag-

223 1245 278 1309 nis
300 1243 430 1308 viribus
453 1244 613 1319 militum,
637 1242 730 1325 apud
752 1236 958 1306 ¹Brunefeld
980 1263 1171 1308 occursum.
1184 1264 1255 1304 aare
1268 1264 1292 1302 οε

1184 1315 1282 1354 Brunan-

224 1343 302 1420 Ille,
332 1343 392 1425 qui
419 1349 555 1406 tantum
578 1343 768 1424 periculum
800 1341 977 1406 imminere
1005 1350 1171 1420 cerneret,
1183 1365 1259 1414 burga,
1279 1363 1334 1403 nn.

223 1450 304 1506 astu
318 1432 549 1524 exploratoris
569 1461 695 1505 munus
710 1460 909 1522 aggressus,
928 1442 1095 1524 depositis
1119 1463 1173 1506 re-

224 1543 291 1622 giis
308 1542 513 1622 insignibus,
525 1548 772 1623 assumptaque
786 1540 822 1603 in
834 1533 1012 1604 ²manibus
1027 1542 1172 1620 cithara,

1184 1416 1229 1454 9³8.

224 1641 269 1704 ed
294 1641 480 1704 tentorium
502 1641 593 1720 regis
621 1640 731 1704 nostri
750 1639 987 1722 progreditur:
1012 1643 1071 1704 ubi
1094 1661 1173 1704 cum

224 1738 442 1821 praeforibus
465 1739 653 1814 cantitans
672 1739 844 1803 interdum
860 1759 998 1820 quoque
1014 1747 1172 1821 quateret

223 1836 318 1902 dulci
334 1839 532 1901 resonantia
547 1837 607 1900 fila
620 1838 784 1914 tumultu,
797 1837 898 1901 facile
911 1839 1082 1902 admissus
1107 1847 1172 1915 est,

224 1937 401 2020 professus
433 1938 575 2000 mimum
606 1938 667 2019 qui
708 1936 904 2020 hujusmodi
935 1945 1010 2002 arte
1048 1937 1174 2020 stipem·

147 2121 149 2125 ι
224 2036 462 2118 qnotidianam
499 2043 719 2100 mercaretur.
782 2035 915 2118 Regem
945 2045 980 2101 et
1008 2037 1174 2101 convivas

224 2135 356 2199 musico
395 2142 570 2199 acromate
604 2136 856 2218 aliquantisper
890 2135 1059 2214 delinivit,
1096 2155 1175 2199 cum

224 2236 314 2298 inter
328 2234 544 2317 psallendum
558 2235 673 2298 omnia
688 2235 797 2298 oculis
814 2242 1039 2299 scrutaretur.
1069 2234 1174 2300 Post-

226 2354 330 2415 quam
356 2335 502 2398 satietas
527 2333 650 2397 edendi
663 2333 765 2396 finem
787 2334 918 2398 deliciis
942 2333 1175 2417 imposuisset,

227 2440 262 2497 et
276 2435 442 2497 severitas
466 2431 730 2496 administrandi
751 2432 833 2495 belli
847 2431 884 2495 in
897 2433 1070 2515 colloquio
1094 2454 1174 2516 pro-

226 2553 342 2596 cerum
357 2532 622 2608 recrudesceret,
640 2531 734 2593 abire
744 2531 865 2614 jussus
886 2533 1035 2613 pretium
1051 2540 1175 2595 cantus

147 2665 149 2668 ·
227 2632 371 2713 accepit.
405 2631 507 2710 Quod
518 2638 698 2713 asportare
710 2648 896 2708 nauseans,
907 2633 971 2694 sub
982 2651 1019 2695 se
1031 2633 1069 2694 in
1084 2637 1177 2695 terra

228 2728 369 2794 defodit.
422 2730 594 2792 Notatum
621 2729 657 2794 id
685 2748 708 2793 a
738 2730 888 2812 quodam
917 2730 976 2812 qui
1015 2730 1096 2793 olim
1124 2730 1177 2792 illi

228 2829 422 2904 militasset,
438 2836 474 2892 et
487 2828 668 2892 confestim
682 2827 889 2892 Athelstano
899 2827 1041 2892 dictum.
1094 2829 1177 2910 Ipse

228 2928 400 2992 hominem
425 2929 588 2991 incusans
613 2928 705 3010 quod
729 2926 863 2991 hostem
887 2947 959 3010 pree
981 2928 1090 2992 oculis
1114 2915 1175 3009 poss

228 3029 333 3092 situm
361 3047 432 3090 non
458 3027 676 3109 prodidisset,
703 3027 768 3090 hoc
795 3046 999 3109 responsum
1022 3028 1174 3108 accepit:

229 3127 351 3191 ‘Idem
377 3134 630 3190 sacramentum
646 3126 737 3209 quod
751 3127 815 3190 tibi
831 3127 994 3210 nuper,0
1013 3147 1088 3203 rex,
1100 3125 1177 3203 feci,

229 3225 403 3308 quondam
419 3224 570 3290 Analaso
593 3225 693 3305 dedi3
721 3225 816 3307 ,quod
840 3226 870 3288 si
893 3228 930 3288 in
953 3227 1105 3309 ipso-me
1125 3226 1177 3289 vi-

229 3326 338 3389 disses
354 3325 495 3400 violare,
510 3324 553 3388 de
568 3331 604 3388 te
617 3343 754 3406 quoque
771 3343 891 3405 posses
911 3326 1108 3408 exemplum
1130 3325 1177 3387 si-

230 3425 310 3488 mile
332 3444 465 3488 cavere.
518 3423 586 3486 Sed
608 3422 752 3504 dignare
775 3421 895 3484 famuli
920 3424 1039 3486 audire
1063 3415 1177 3486 consi—

228 3523 324 3600 lium,
348 3530 387 3586 ut
407 3523 487 3588 hinc
504 3522 690 3586 tentorium
717 3540 898 3600 amoveas3
923 3521 1062 3604 alioque
1086 3521 1176 3600 loco,

228 3622 441 3703 usquedum
466 3629 582 3704 partes
605 3621 734 3684 relictae
750 3621 904 3696 veniant,
933 3639 1089 3696 manens
1112 3621 1177 3682 ini-

230 3722 356 3784 micum
379 3721 576 3802 petulanter
602 3720 827 3784 insultantem
856 3719 1011 3784 modesta
1036 3725 1178 3782 cuncta-

228 3821 322 3884 tione
353 3819 517 3902 smngas?
584 3821 688 3883 Dicto
716 3819 874 3900 probato,
906 3819 1093 3883 discessum
1125 3825 1180 3881 est

266 4047 581 4114 ιΒνιινιο]”εἱ11.]1).Ε.Μ.;
595 4050 691 4098 Brune-
716 4049 769 4097 The
797 4047 876 4096 battle
904 4062 958 4097 was
988 4046 1077 4109 fought
1105 4047 1177 4096 Ab.

228 4119 293 4182 ford,
304 4120 338 4170 A.
351 4120 380 4170 S.
393 4121 424 4169 L.
435 4136 442 4170 τ
462 4119 613 4182 Brenereld,
625 4120 691 4168 C.-
716 4121 774 4167 938.

230 4190 417 4252 Brunanburgh
448 4191 475 4238 in
510 4189 691 4237 Nerthumber·
750 4183 911 4250 manime]
939 4187 969 4236 0.
982 4185 1017 4236 D.
1029 4187 1076 4246 E.;
1093 4199 1180 4250 manu,

230 4259 291 4307 land
301 4276 309 4319 3
319 4260 361 4308 the
370 4265 445 4309 exact
451 4260 498 4308 site
507 4258 530 4308 is
537 4262 581 4307 not
588 4259 691 4306 known.
719 4255 751 4306 A.
765 4257 794 4307 S.
806 4257 837 4306 L.
