3180 5048
433 521 502 590 244
651 537 765 586 susm
789 537 915 586 aucun
939 537 1154 586 suetonum
1247 521 1334 604 [ιιι.
1351 537 1392 588 ιι.

436 695 649 773 frithbriche,
671 695 827 774 forsteal,
850 697 912 774 tol,
936 695 1005 759 and
1029 702 1133 772 team,
1156 694 1208 759 ita
1226 694 1333 758 libere
1356 701 1392 757 et

438 797 554 879 quiete
576 797 666 860 sicut
686 816 753 878 ego
775 796 886 861 habeo
908 797 944 859 in
966 815 1074 878 regno
1094 814 1183 860 meo.
1236 793 1391 858 Eandem

337 939 339 943 -
438 915 578 979 quoque
611 896 806 964 libertatem
831 903 867 960 ct
889 902 1110 978 potestatem,
1139 913 1243 976 quam
1266 913 1333 976 ego
1355 893 1392 956 in

438 996 537 1060 ouria
565 1014 643 1060 mea
672 995 795 1072 habeo,
825 1002 897 1058 tam
924 995 962 1058 in
991 993 1194 1059 dimittendo
1221 1012 1327 1075 quam
1355 991 1392 1055 in

440 1094 626 1178 puniendo,
647 1094 909 1176 inquibuslibet
931 1094 1070 1158 omnino
1093 1093 1242 1175 negotiis
1267 1086 1392 1156 labbas

440 1203 477 1258 et
498 1194 657 1259 monaehi
679 1194 817 1276 praefati
843 1193 1044 1257 monasterii
1064 1193 1102 1256 in
1123 1212 1189 1256 sua
1209 1192 1307 1256 curia
1329 1190 1391 1254 ba·

440 1296 554 1358 beant.
607 1293 646 1357 si
667 1300 782 1357 autem
805 1293 912 1357 abbas
934 1293 991 1357 vel
1016 1291 1205 1356 monachus
1231 1291 1395 1374 quislibet

440 1393 509 1457 loci
533 1392 626 1457 illius
649 1393 831 1470 latronem,
856 1394 917 1476 qui
942 1392 987 1456 ad
1009 1392 1232 1475 suspendium
1262 1392 1319 1456 vel
1348 1389 1393 1453 ad

440 1492 621 1574 quodlibet
637 1493 758 1572 mortis
780 1492 970 1574 periculum
993 1491 1141 1569 ducitur,
1167 1491 1306 1555 obvium
1330 1488 1394 1552 ba·

442 1592 556 1656 buerit
579 1591 615 1654 in
636 1593 771 1669 itinere,
801 1592 953 1656 habeant
987 1598 1195 1674 potestatem
1226 1589 1396 1673 eripiendi

441 1711 522 1760 eum
543 1692 588 1754 ab
611 1691 803 1756 imminenti
829 1691 983 1774 periculo
1013 1692 1050 1755 in
1073 1697 1149 1755 toto
1174 1710 1282 1772 regno
1303 1708 1393 1753 meo.

443 1790 619 1856 Confirmo
640 1791 745 1855 etiam
771 1799 806 1856 et
829 1792 1012 1856 corroboro
1036 1791 1204 1873 ut,.quod
1226 1790 1394 1854 hacteuus

442 1891 488 1954 ab
524 1891 683 1972 omnibus
723 1891 997 1955 antecessoribus
1041 1891 1169 1954 nostris
1211 1889 1395 1971 diligenter

443 1991 665 2054 observatum
680 1997 745 2068 est,
759 1983 1011 2054 ²Fontanensis
1033 1991 1216 2073 episcopus
1238 1989 1296 2053 vel
1320 1988 1394 2072 ejus

443 2090 593 2154 ministri
616 2109 723 2171 super
736 2088 801 2154 hoc
823 2090 1070 2154 monasterium
1092 2090 1150 2154 vel
1173 2109 1279 2172 super
1292 2107 1395 2170 paro-

444 2187 575 2252 chiales
603 2188 757 2272 ejusdem
776 2190 953 2266 ecclesias,
969 2189 1142 2266 videlicet,
1166 2188 1272 2266 Stret,
1288 2187 1396 2252 Mire·

444 2286 550 2366 lincb,
587 2286 819 2371 Budocalego,
853 2288 1030 2377 Sceappic,
1066 2288 1171 2366 Sowi,
1201 2294 1263 2352 aut
1292 2305 1396 2370 super

443 2405 564 2470 earum
583 2387 747 2469 capellas,
769 2407 833 2452 nec
852 2388 958 2452 etiam
981 2407 1087 2470 super
1104 2407 1163 2452 eas
1183 2407 1261 2470 quac
1286 2387 1323 2450 in
1344 2387 1397 2450 in-

443 2486 532 2551 sulis
548 2486 783 2567 continentur,
802 2488 946 2566 scilicet,
965 2487 1165 2565 Beocherie,
1185 2507 1264 2570 quae
1280 2485 1398 2550 Parva

445 2583 619 2650 Hibernia
639 2586 776 2664 dicitur,
793 2586 963 2664 Godcnie,
984 2586 1198 2663 Mertinesie,
1224 2586 1397 2651 Pathene·

445 2687 563 2768 berge,
604 2686 802 2764 Edrcdesie,
840 2687 1051 2765 Ferremere,
1088 2687 1221 2750 nullam
1257 2686 1398 2750 omnino

446 2791 654 2867 potestatem
676 2785 839 2862 habeant,
861 2787 928 2850 nisi
948 2793 1085 2851 tantum
1108 2806 1186 2850 cum
1206 2786 1249 2849 ab
1273 2786 1397 2849 abbata

447 2903 554 2949 causa
576 2885 757 2949 dedicandi
781 2885 839 2949 vel
867 2885 1048 2950 ordinandi
1072 2885 1233 2950 advocati
1247 2884 1396 2964 fuerint3

446 3003 511 3048 nec
532 3003 652 3049 eorum
674 2985 893 3068 presbyteros
915 2986 960 3049 ad
977 2985 1146 3069 synodum
1165 3004 1264 3049 suam
1281 2984 1338 3049 vel
1353 2983 1397 3048 ad

446 3082 636 3165 capitulum
659 3083 716 3147 vel
738 3083 783 3146 ad
806 3083 984 3166 quodlibet
1005 3085 1172 3168 placitum
1193 3091 1398 3160 convocent,

447 3199 511 3244 nec
542 3182 586 3245 ab
623 3179 734 3247 officio
770 3182 889 3247 divino
925 3184 1150 3267 suspendant,
1186 3190 1222 3248 et
1257 3184 1398 3248 omnino

447 3280 581 3346 nullum
600 3280 661 3364 jus
683 3282 719 3346 in
743 3300 803 3346 eos
828 3301 989 3347 exercere
1018 3290 1241 3366 praesumant.
1293 3282 1398 3346 Mon·

446 3379 553 3446 achus
576 3400 669 3458 suoS,
691 3387 727 3448 et
741 3381 984 3465 praedictarum
1007 3383 1228 3448 ecclesiarum
1243 3382 1397 3460 clericos,

444 3479 634 3545 secundum
659 3482 838 3564 antiquam
860 3480 1115 3546 Glastoniensis
1138 3481 1293 3546 ecclesiae
1315 3501 1397 3546 con-

447 3579 675 3658 suetudinem,
698 3587 733 3645 et
757 3579 983 3663 apostolicam
1007 3582 1261 3660 auctoritatem,
1285 3580 1397 3646 archi·

445 3680 605 3760 praesulis
620 3679 797 3746 Dunstani
811 3686 846 3744 et
866 3681 1017 3744 omnium
1039 3681 1278 3764 episcoporum
1300 3681 1399 3762 regui

360 3789 363 3796 ·
447 3777 515 3840 mei
538 3796 695 3854 assensu,
718 3779 827 3843 abbas
842 3798 862 3842 a
877 3798 1093 3864 quocumque
1118 3777 1399 3862 comprovinciali

446 3876 609 3959 episcopo
635 3869 783 3942 voluerit
817 3878 969 3943 ordinari
999 3880 1128 3961 faciat3
1164 3877 1398 3944 dedicationes

446 3993 529 4039 vero
555 3993 685 4056 earnm,
710 3975 741 4040 si
763 3977 807 4040 ab
838 3979 963 4046 abbate
987 3987 1132 4061 rogatus
1158 3977 1274 4058 fuerit,
1305 3979 1398 4042 Fon·

392 4319 406 4350 Q
480 4263 607 4331 ¹Addua]
624 4269 672 4329 E.;
690 4271 803 4333 abbates,
815 4271 850 4321 D.
907 4233 1158 4369 'shspffinaemu
1178 4238 1323 4303 ww]
1352 4239 1399 4287 Bi·
