3150 5046
206 475 349 556 nram]
432 488 547 538 casua
568 487 698 536 aucun
723 486 938 537 nucnonuru.
1033 449 1035 453 ⁸
1093 475 1160 540 315

257 649 275 732 ᾗ
292 647 369 711 185.
393 639 619 726 ‘¹Regnante
638 643 675 707 in
693 650 900 728 perpetuum
918 642 1082 723 Domino,
1100 646 1160 727 qui
1172 671 1314 712 cluens„-

207 767 271 811 sua
292 746 457 823 ineffabili
478 745 635 828 potentia
660 744 777 808 omnia
795 744 947 827 disponit
969 751 1075 827 atque
1097 765 1160 826 gu·
1172 724 1309 823 diligi&

208 849 343 923 bernat,
365 847 528 928 vicesque
560 850 755 926 temporum
784 844 1029 926 hominumque
1057 845 1161 908 mira-

207 947 323 1011 biliter
345 945 556 1020 discernens,
584 943 838 1027 terminumque
863 945 1033 1008 incertum
1056 951 1163 1026 prout

209 1046 286 1110 vult
311 1045 552 1127 aequanimiter
573 1042 766 1124 imponenS,
798 1042 901 1106 etde
928 1043 1071 1107 secretis
1098 1064 1161 1108 na·

209 1152 297 1209 turae
323 1144 497 1228 mysteriis
527 1141 793 1205 misericorditer
815 1141 917 1208 docet
938 1149 978 1206 ut
1001 1142 1044 1206 de
1070 1143 1163 1224 fugis

210 1245 342 1310 tiviset
356 1244 430 1307 sine
444 1242 549 1306 dubio
562 1241 772 1305 transitoriis
787 1260 951 1306 mansura
968 1261 1077 1324 regna
1094 1240 1162 1306 Dei

210 1343 375 1424 suffragio
412 1341 636 1424 adipiscenda
673 1347 763 1404 sunt.
837 1339 1061 1424 Quapropter
1095 1362 1162 1424 ego

212 1442 307 1507 cnut
327 1461 392 1506 rex
413 1440 620 1522 Anglorum,
643 1446 916 1522 caeterarumque
943 1442 1098 1522 gentium
1125 1443 1163 1506 in

212 1543 358 1606 circuitu
379 1541 638 1624 persistentium
661 1541 872 1620 gubernator
887 1548 923 1604 et
939 1548 1065 1618 rector,
1083 1560 1161 1604 cum

212 1636 374 1705 'consilio
397 1649 432 1705 et
454 1640 593 1705 decreto
623 1639 877 1720 archipraesulis
905 1641 1015 1704 nostri
1040 1640 1161 1704 Ethel-

213 1741 322 1818 nothi,
350 1739 521 1822 simulque
547 1745 747 1802 cunctorum
775 1739 844 1803 Dei
874 1740 1104 1818 sacerdotum,
1126 1749 1163 1804 et

212 1841 355 1905 consilio
370 1841 575 1923 optimatum
590 1857 756 1915 meorum,
773 1839 818 1902 ob
835 1857 988 1903 amorem
1009 1838 1162 1904 coelestis

213 1941 324 2022 regni,
340 1934 392 2004 ³et
406 1937 656 2020 indulgentiam
673 1925 853 2002 criminum
870 1957 1035 2016 meorum,
1056 1947 1092 2002 et
1108 1960 1162 2003 re·

212 2040 426 2104 laxationem
456 2039 691 2122 peccaminum
716 2030 852 2101 ⁴fratris
884 2039 952 2101 mei
976 2038 1069 2120 regis
1091 2039 1175 2102 Ed·⁴

213 2140 344 2218 mundi,
372 2138 524 2203 concedo
550 2137 705 2201 ecclesiae
734 2143 864 2203 sanctae
890 2138 959 2204 Dei
985 2137 1163 2220 genitricis

214 2259 417 2321 semperque
446 2237 590 2319 virginis
621 2236 745 2302 Mariae
782 2236 976 2301 Glastoniae
1010 2237 1094 2322 jura
1128 2246 1164 2304 et

214 2338 482 2402 consuetudines
496 2339 534 2400 in
551 2337 644 2401 omni
655 2356 764 2418 regno
775 2357 864 2415 mco,
880 2344 916 2401 et
927 2357 1046 2402 omnes
1062 2337 1164 2401 foris·

213 2437 367 2502 facturas
382 2439 534 2502 omnium
548 2444 719 2501 terrarum
733 2455 894 2516 suarum3
922 2443 957 2499 et
973 2437 1043 2500 sint
1059 2444 1161 2501 terrae

213 2538 289 2622 ejus
309 2537 375 2600 sibi
397 2537 515 2601 liberae
536 2535 709 2600 etsolutae
734 2537 778 2598 ab
800 2537 894 2600 omni
913 2536 1111 2618 calumpnia
1127 2544 1163 2600 et

213 2637 474 2718 inquietatione,
492 2636 595 2698 sicuti
611 2655 696 2698 meae
711 2635 795 2698 mihi
809 2635 992 2699 habentur.
1029 2635 1162 2700 Verum

212 2737 296 2799 illud
313 2737 486 2819 praecipue
502 2755 547 2799 ex
563 2735 809 2817 omnipotentis
820 2733 949 2812 Patris,
966 2741 1001 2798 et
1017 2735 1110 2812 Filii,
1126 2743 1163 2800 et

214 2835 364 2917 Spiritus
387 2835 507 2899 Sancti
521 2835 741 2910 auctoritate,
767 2840 802 2897 et
823 2841 1000 2916 perpetuae
1015 2835 1162 2915 virginis

214 2935 455 3000 interdictione
489 2934 666 3016 prohibeo,
698 2940 734 2997 et
763 2931 932 2998 universis
965 2933 1064 3016 regni
1093 2934 1161 3002 mei

214 3034 410 3117 praepositis
449 3041 485 3098 et
515 3033 720 3116 primatibus
749 3051 854 3114 super
884 3052 982 3099 suam
1013 3033 1166 3100 salutem

214 3135 390 3217 praecipio,
405 3140 444 3197 ut
461 3132 576 3196 nullus
592 3133 731 3196 omnino
751 3131 847 3196 illam
862 3133 1011 3196 insulam
1031 3132 1162 3197 intrare

213 3233 352 3311 audeat,
378 3231 616 3317 cujuscunque
643 3231 773 3295 ordinis
803 3238 865 3295 aut
888 3233 1068 3314 dignitatis
1094 3234 1161 3312 sit3

214 3333 275 3396 scd
298 3331 424 3408 omnia,
443 3339 515 3396 tam
537 3330 574 3394 in
596 3331 839 3394 ecclesiasticis
856 3349 960 3412 quam
977 3332 1013 3393 in
1028 3332 1162 3395 secula·

214 3431 308 3494 ribus
321 3433 446 3508 causis,
456 3429 695 3494 tantummodo
710 3429 845 3492 abbatis
854 3429 1025 3512 judicium
1034 3437 1069 3493 et
1078 3442 1162 3493 con·

213 3538 338 3595 ventus
356 3537 553 3613 expectent,
567 3529 669 3593 sicuti
683 3527 953 3611 praedecessores
967 3530 1036 3592 mei
1055 3526 1162 3594 sanxss

213 3638 315 3695 erunt
333 3639 368 3695 et
389 3629 580 3718 privilegiis
604 3628 907 3706 confirmaverunt,
931 3626 1163 3707 ChentwineS,

246 3912 422 3986 ¹Regnoate.]
439 3919 502 3968 This
518 3918 619 3966 charter
635 3933 677 3967 oc·
737 3912 748 3943 ³
770 3917 807 3965 Et
829 3917 1009 3979 indulgentium
1035 3918 1165 3968 admiratam

213 4002 272 4036 curs
294 3990 321 4036 in
344 3989 463 4037 Malrnes.
479 3989 568 4049 Antiq.
591 3987 676 4037 Glast.
702 4002 816 4048 meorum,
827 3992 852 4036 et
866 3984 1063 4057 relaxationem]
1082 3990 1165 4038 Omit-

214 4058 286 4107 Eccl.
298 4059 348 4106 and
359 4059 382 4107 is
394 4057 494 4121 printed
509 4059 535 4106 in
546 4057 623 4122 Gale,
635 4071 677 4108 111.
703 4057 746 4106 ted
756 4058 784 4104 in
797 4058 818 4106 C
829 4061 851 4106 l.

216 4143 243 4189 p.
256 4131 313 4176 823.
737 4124 749 4155 ⁴
760 4126 861 4175 Fratris
879 4127 926 4174 mei
937 4126 1164 4193 regeneranda]

249 4193 401 4258 wenstan]
423 4198 475 4260 E.;
494 4211 628 4260 consensu,
648 4197 678 4246 S.
703 4195 759 4244 ‘Sic
771 4197 837 4243 enim
849 4211 907 4245 eum
914 4211 1003 4244 vocare
1012 4198 1101 4246 solitus
1108 4197 1165 4247 lue·

217 4267 247 4315 C.
259 4267 294 4317 D.
703 4267 761 4315 rat.'
775 4267 822 4315 See
834 4267 848 4328 ᾗ
861 4270 918 4329 184,
928 4281 972 4328 pp.
986 4270 1043 4330 313,
1055 4271 1111 4318 alt.
