<?xml version="1.0" encoding="UTF-8"?>
<!DOCTYPE html PUBLIC "-//W3C//DTD XHTML 1.0 Transitional//EN"
    "http://www.w3.org/TR/xhtml1/DTD/xhtml1-transitional.dtd">
<html xmlns="http://www.w3.org/1999/xhtml" xml:lang="en" lang="en">
 <head>
  <title>
</title>
<meta http-equiv="Content-Type" content="text/html;charset=utf-8" />
  <meta name='ocr-system' content='tesseract 3.04.00' />
  <meta name='ocr-capabilities' content='ocr_page ocr_carea ocr_par ocr_line ocrx_word'/>
</head>
<body>
  <div class='ocr_page' id='page_1' title='image "./willelmimalmesb01hardgoog_0272.png"; bbox 0 0 3180 5048; ppageno 0'>
   <div class='ocr_carea' id='block_1_1' title="bbox 445 490 1478 572">
    <p class='ocr_par' dir='ltr' id='par_1_1' title="bbox 445 490 1478 572">
     <span class='ocr_line' id='line_1_1' title="bbox 445 490 1478 572; baseline -0.007 -14"><span class='ocrx_word' id='word_1_1' title='bbox 445 491 511 568; x_wconf 80' lang='lat'><strong>258</strong></span> <span class='ocrx_word' id='word_1_2' title='bbox 674 507 787 556; x_wconf 70' lang='lat' dir='ltr'><strong>orsrl</strong></span> <span class='ocrx_word' id='word_1_3' title='bbox 811 507 938 556; x_wconf 82' lang='lat' dir='ltr'><strong>aucun</strong></span> <span class='ocrx_word' id='word_1_4' title='bbox 962 505 1177 555; x_wconf 71' lang='lat' dir='ltr'><strong>lucrorum</strong></span> <span class='ocrx_word' id='word_1_5' title='bbox 1256 490 1344 572; x_wconf 80' lang='lat' dir='ltr'><strong>[cnr.</strong></span> <span class='ocrx_word' id='word_1_6' title='bbox 1359 505 1399 552; x_wconf 83' lang='lat'><strong>11.</strong></span> <span class='ocrx_word' id='word_1_7' title='bbox 1476 533 1478 536; x_wconf 86' lang='lat'>-</span> 
     </span>
    </p>
   </div>
   <div class='ocr_carea' id='block_1_2' title="bbox 447 660 1411 3525">
    <p class='ocr_par' dir='ltr' id='par_1_2' title="bbox 447 660 1410 2533">
     <span class='ocr_line' id='line_1_2' title="bbox 447 660 1401 741; baseline -0.004 -12"><span class='ocrx_word' id='word_1_8' title='bbox 447 663 665 729; x_wconf 89' lang='lat' dir='ltr'><strong>Wintoniam</strong></span> <span class='ocrx_word' id='word_1_9' title='bbox 688 670 841 728; x_wconf 85' lang='lat' dir='ltr'><strong>ventum.</strong></span> <span class='ocrx_word' id='word_1_10' title='bbox 895 660 984 741; x_wconf 85' lang='lat' dir='ltr'><strong>Quis</strong></span> <span class='ocrx_word' id='word_1_11' title='bbox 1008 663 1056 728; x_wconf 92' lang='lat' dir='ltr'><strong>ibi</strong></span> <span class='ocrx_word' id='word_1_12' title='bbox 1084 662 1188 726; x_wconf 84' lang='lat' dir='ltr'><strong>luerit</strong></span> <span class='ocrx_word' id='word_1_13' title='bbox 1218 662 1297 726; x_wconf 86' lang='lat' dir='ltr'><strong>linis</strong></span> <span class='ocrx_word' id='word_1_14' title='bbox 1327 682 1401 726; x_wconf 90' lang='lat' dir='ltr'><strong>cer·</strong></span> 
     </span>
     <span class='ocr_line' id='line_1_3' title="bbox 448 756 1398 840; baseline -0.003 -13"><span class='ocrx_word' id='word_1_15' title='bbox 448 763 589 827; x_wconf 89' lang='lat' dir='ltr'><strong>taminis</strong></span> <span class='ocrx_word' id='word_1_16' title='bbox 622 757 717 826; x_wconf 85' lang='lat' dir='ltr'><strong>¹aliae</strong></span> <span class='ocrx_word' id='word_1_17' title='bbox 743 761 855 827; x_wconf 86' lang='lat' dir='ltr'><strong>literae</strong></span> <span class='ocrx_word' id='word_1_18' title='bbox 879 763 1016 840; x_wconf 85' lang='lat' dir='ltr'><strong>docent,</strong></span> <span class='ocrx_word' id='word_1_19' title='bbox 1045 756 1282 827; x_wconf 81' lang='lat' dir='ltr'><strong>²Dominicam</strong></span> <span class='ocrx_word' id='word_1_20' title='bbox 1311 760 1398 825; x_wconf 87' lang='lat' dir='ltr'><strong>ima·</strong></span> 
     </span>
     <span class='ocr_line' id='line_1_4' title="bbox 449 860 1402 945; baseline -0.001 -20"><span class='ocrx_word' id='word_1_21' title='bbox 449 863 565 945; x_wconf 82' lang='lat' dir='ltr'><strong>ginem</strong></span> <span class='ocrx_word' id='word_1_22' title='bbox 581 881 744 945; x_wconf 87' lang='lat' dir='ltr'><strong>expresse</strong></span> <span class='ocrx_word' id='word_1_23' title='bbox 768 863 919 928; x_wconf 93' lang='lat' dir='ltr'><strong>locutam</strong></span> <span class='ocrx_word' id='word_1_24' title='bbox 947 862 1090 926; x_wconf 91' lang='lat' dir='ltr'><strong>clericos</strong></span> <span class='ocrx_word' id='word_1_25' title='bbox 1113 881 1300 944; x_wconf 89' lang='lat' dir='ltr'><strong>eorumque</strong></span> <span class='ocrx_word' id='word_1_26' title='bbox 1325 860 1402 925; x_wconf 84' lang='lat' dir='ltr'><strong>lau-</strong></span> 
     </span>
     <span class='ocr_line' id='line_1_5' title="bbox 449 960 1402 1038; baseline -0.003 -12"><span class='ocrx_word' id='word_1_27' title='bbox 449 970 543 1026; x_wconf 88' lang='lat' dir='ltr'><strong>tores</strong></span> <span class='ocrx_word' id='word_1_28' title='bbox 560 961 777 1026; x_wconf 79' lang='lat' dir='ltr'><strong>confudisse:</strong></span> <span class='ocrx_word' id='word_1_29' title='bbox 801 961 875 1038; x_wconf 91' lang='lat' dir='ltr'><strong>sed,</strong></span> <span class='ocrx_word' id='word_1_30' title='bbox 898 961 1010 1024; x_wconf 91' lang='lat' dir='ltr'><strong>adhuc</strong></span> <span class='ocrx_word' id='word_1_31' title='bbox 1025 980 1095 1025; x_wconf 91' lang='lat' dir='ltr'><strong>non</strong></span> <span class='ocrx_word' id='word_1_32' title='bbox 1115 961 1245 1024; x_wconf 88' lang='lat' dir='ltr'><strong>sedatis</strong></span> <span class='ocrx_word' id='word_1_33' title='bbox 1265 960 1402 1037; x_wconf 90' lang='lat' dir='ltr'><strong>animis,</strong></span> 
     </span>
     <span class='ocr_line' id='line_1_6' title="bbox 451 1059 1402 1140; baseline -0.003 -15"><span class='ocrx_word' id='word_1_34' title='bbox 451 1061 572 1125; x_wconf 83' lang='lat' dir='ltr'><strong>Calnee</strong></span> <span class='ocrx_word' id='word_1_35' title='bbox 588 1061 771 1125; x_wconf 89' lang='lat' dir='ltr'><strong>concilium</strong></span> <span class='ocrx_word' id='word_1_36' title='bbox 780 1061 947 1124; x_wconf 89' lang='lat' dir='ltr'><strong>indictum</strong></span> <span class='ocrx_word' id='word_1_37' title='bbox 961 1079 970 1140; x_wconf 93' lang='lat'>;</span> <span class='ocrx_word' id='word_1_38' title='bbox 993 1061 1052 1124; x_wconf 94' lang='lat' dir='ltr'><strong>ubi</strong></span> <span class='ocrx_word' id='word_1_39' title='bbox 1066 1076 1143 1125; x_wconf 88' lang='lat' dir='ltr'><strong>cum</strong></span> <span class='ocrx_word' id='word_1_40' title='bbox 1158 1061 1194 1122; x_wconf 92' lang='lat' dir='ltr'><strong>in</strong></span> <span class='ocrx_word' id='word_1_41' title='bbox 1209 1059 1402 1136; x_wconf 87' lang='lat' dir='ltr'><strong>coenaculo,</strong></span> 
     </span>
     <span class='ocr_line' id='line_1_7' title="bbox 452 1158 1402 1244; baseline -0.002 -20"><span class='ocrx_word' id='word_1_42' title='bbox 452 1161 595 1224; x_wconf 87' lang='lat' dir='ltr'><strong>absente</strong></span> <span class='ocrx_word' id='word_1_43' title='bbox 617 1167 759 1244; x_wconf 88' lang='lat' dir='ltr'><strong>propter</strong></span> <span class='ocrx_word' id='word_1_44' title='bbox 784 1167 923 1224; x_wconf 87' lang='lat' dir='ltr'><strong>aetatem</strong></span> <span class='ocrx_word' id='word_1_45' title='bbox 948 1179 1043 1242; x_wconf 78' lang='lat' dir='ltr'><strong>rege,</strong></span> <span class='ocrx_word' id='word_1_46' title='bbox 1067 1158 1324 1223; x_wconf 71' lang='lat' dir='ltr'><strong>considentibus</strong></span> <span class='ocrx_word' id='word_1_47' title='bbox 1348 1165 1402 1222; x_wconf 93' lang='lat' dir='ltr'><strong>to-</strong></span> 
     </span>
     <span class='ocr_line' id='line_1_8' title="bbox 452 1257 1403 1341; baseline -0.002 -18"><span class='ocrx_word' id='word_1_48' title='bbox 452 1261 522 1324; x_wconf 88' lang='lat' dir='ltr'><strong>tius</strong></span> <span class='ocrx_word' id='word_1_49' title='bbox 536 1257 676 1340; x_wconf 78' lang='lat' dir='ltr'><strong>Anglise</strong></span> <span class='ocrx_word' id='word_1_50' title='bbox 698 1260 915 1323; x_wconf 88' lang='lat' dir='ltr'><strong>senatoribus</strong></span> <span class='ocrx_word' id='word_1_51' title='bbox 937 1278 1064 1341; x_wconf 82' lang='lat' dir='ltr'><strong>magno</strong></span> <span class='ocrx_word' id='word_1_52' title='bbox 1087 1258 1248 1323; x_wconf 88' lang='lat' dir='ltr'><strong>conflictu</strong></span> <span class='ocrx_word' id='word_1_53' title='bbox 1269 1264 1306 1322; x_wconf 92' lang='lat' dir='ltr'><strong>et</strong></span> <span class='ocrx_word' id='word_1_54' title='bbox 1319 1277 1403 1322; x_wconf 91' lang='lat' dir='ltr'><strong>con-</strong></span> 
     </span>
     <span class='ocr_line' id='line_1_9' title="bbox 452 1357 1401 1441; baseline -0.003 -18"><span class='ocrx_word' id='word_1_55' title='bbox 452 1359 623 1423; x_wconf 86' lang='lat' dir='ltr'><strong>troversia</strong></span> <span class='ocrx_word' id='word_1_56' title='bbox 640 1378 696 1422; x_wconf 88' lang='lat' dir='ltr'><strong>res</strong></span> <span class='ocrx_word' id='word_1_57' title='bbox 715 1366 888 1441; x_wconf 79' lang='lat' dir='ltr'>ageretur,</span> <span class='ocrx_word' id='word_1_58' title='bbox 906 1364 942 1421; x_wconf 92' lang='lat' dir='ltr'><strong>et</strong></span> <span class='ocrx_word' id='word_1_59' title='bbox 959 1357 1206 1422; x_wconf 88' lang='lat' dir='ltr'><strong>validissimum</strong></span> <span class='ocrx_word' id='word_1_60' title='bbox 1225 1357 1324 1420; x_wconf 90' lang='lat' dir='ltr'><strong>illum</strong></span> <span class='ocrx_word' id='word_1_61' title='bbox 1344 1376 1401 1420; x_wconf 92' lang='lat' dir='ltr'><strong>ec·</strong></span> 
     </span>
     <span class='ocr_line' id='line_1_10' title="bbox 451 1456 1403 1535; baseline -0.001 -14"><span class='ocrx_word' id='word_1_62' title='bbox 451 1458 569 1521; x_wconf 84' lang='lat' dir='ltr'><strong>clesiae</strong></span> <span class='ocrx_word' id='word_1_63' title='bbox 591 1477 739 1535; x_wconf 91' lang='lat' dir='ltr'><strong>murum,</strong></span> <span class='ocrx_word' id='word_1_64' title='bbox 762 1459 986 1523; x_wconf 85' lang='lat' dir='ltr'><strong>Dunstanum</strong></span> <span class='ocrx_word' id='word_1_65' title='bbox 1006 1456 1097 1534; x_wconf 92' lang='lat' dir='ltr'><strong>dico,</strong></span> <span class='ocrx_word' id='word_1_66' title='bbox 1116 1457 1303 1520; x_wconf 88' lang='lat' dir='ltr'><strong>multorum</strong></span> <span class='ocrx_word' id='word_1_67' title='bbox 1319 1475 1403 1520; x_wconf 88' lang='lat' dir='ltr'><strong>oon-</strong></span> 
     </span>
     <span class='ocr_line' id='line_1_11' title="bbox 455 1557 1402 1641; baseline -0.003 -20"><span class='ocrx_word' id='word_1_68' title='bbox 455 1557 619 1621; x_wconf 86' lang='lat' dir='ltr'><strong>vitiorum</strong></span> <span class='ocrx_word' id='word_1_69' title='bbox 639 1557 759 1641; x_wconf 74' lang='lat' dir='ltr'><strong>Jacula</strong></span> <span class='ocrx_word' id='word_1_70' title='bbox 780 1557 998 1638; x_wconf 74' lang='lat' dir='ltr'><strong>impeterent,</strong></span> <span class='ocrx_word' id='word_1_71' title='bbox 1018 1575 1081 1620; x_wconf 91' lang='lat' dir='ltr'><strong>nec</strong></span> <span class='ocrx_word' id='word_1_72' title='bbox 1104 1562 1298 1638; x_wconf 83' lang='lat' dir='ltr'><strong>quaterent,</strong></span> <span class='ocrx_word' id='word_1_73' title='bbox 1320 1573 1402 1618; x_wconf 89' lang='lat' dir='ltr'><strong>suas</strong></span> 
     </span>
     <span class='ocr_line' id='line_1_12' title="bbox 456 1653 1404 1740; baseline -0.002 -21"><span class='ocrx_word' id='word_1_74' title='bbox 456 1663 574 1739; x_wconf 88' lang='lat' dir='ltr'><strong>partes</strong></span> <span class='ocrx_word' id='word_1_75' title='bbox 595 1656 765 1740; x_wconf 89' lang='lat' dir='ltr'><strong>cujusque</strong></span> <span class='ocrx_word' id='word_1_76' title='bbox 788 1656 918 1720; x_wconf 89' lang='lat' dir='ltr'><strong>ordinis</strong></span> <span class='ocrx_word' id='word_1_77' title='bbox 942 1654 1026 1720; x_wconf 85' lang='lat' dir='ltr'><strong>viris</strong></span> <span class='ocrx_word' id='word_1_78' title='bbox 1048 1674 1182 1718; x_wconf 87' lang='lat' dir='ltr'><strong>summo</strong></span> <span class='ocrx_word' id='word_1_79' title='bbox 1204 1653 1320 1718; x_wconf 88' lang='lat' dir='ltr'><strong>studio</strong></span> <span class='ocrx_word' id='word_1_80' title='bbox 1348 1661 1404 1718; x_wconf 93' lang='lat' dir='ltr'><strong>tu-</strong></span> 
     </span>
     <span class='ocr_line' id='line_1_13' title="bbox 456 1754 1406 1836; baseline -0.005 -16"><span class='ocrx_word' id='word_1_81' title='bbox 456 1756 605 1834; x_wconf 87' lang='lat' dir='ltr'><strong>entibus,</strong></span> <span class='ocrx_word' id='word_1_82' title='bbox 628 1756 792 1820; x_wconf 88' lang='lat' dir='ltr'><strong>solarium</strong></span> <span class='ocrx_word' id='word_1_83' title='bbox 815 1762 927 1819; x_wconf 87' lang='lat' dir='ltr'><strong>totum</strong></span> <span class='ocrx_word' id='word_1_84' title='bbox 952 1762 1092 1836; x_wconf 89' lang='lat' dir='ltr'><strong>repente</strong></span> <span class='ocrx_word' id='word_1_85' title='bbox 1115 1773 1192 1817; x_wconf 91' lang='lat' dir='ltr'><strong>cum</strong></span> <span class='ocrx_word' id='word_1_86' title='bbox 1221 1754 1345 1816; x_wconf 82' lang='lat' dir='ltr'><strong>axibus</strong></span> <span class='ocrx_word' id='word_1_87' title='bbox 1368 1759 1406 1816; x_wconf 89' lang='lat' dir='ltr'><strong>et</strong></span> 
     </span>
     <span class='ocr_line' id='line_1_14' title="bbox 457 1851 1406 1940; baseline -0.004 -22"><span class='ocrx_word' id='word_1_88' title='bbox 457 1855 611 1918; x_wconf 84' lang='lat' dir='ltr'><strong>trabibus</strong></span> <span class='ocrx_word' id='word_1_89' title='bbox 634 1854 784 1918; x_wconf 88' lang='lat' dir='ltr'><strong>dissiluit</strong></span> <span class='ocrx_word' id='word_1_90' title='bbox 807 1862 843 1918; x_wconf 93' lang='lat' dir='ltr'><strong>et</strong></span> <span class='ocrx_word' id='word_1_91' title='bbox 864 1853 1026 1917; x_wconf 86' lang='lat' dir='ltr'><strong>concidit.</strong></span> <span class='ocrx_word' id='word_1_92' title='bbox 1078 1851 1247 1940; x_wconf 84' lang='lat' dir='ltr'><strong>Omnibus</strong></span> <span class='ocrx_word' id='word_1_93' title='bbox 1272 1852 1316 1916; x_wconf 89' lang='lat' dir='ltr'><strong>ad</strong></span> <span class='ocrx_word' id='word_1_94' title='bbox 1337 1859 1406 1916; x_wconf 90' lang='lat' dir='ltr'><strong>ter·</strong></span> 
     </span>
     <span class='ocr_line' id='line_1_15' title="bbox 457 1953 1406 2034; baseline -0.003 -17"><span class='ocrx_word' id='word_1_95' title='bbox 457 1973 532 2017; x_wconf 86' lang='lat' dir='ltr'><strong>ram</strong></span> <span class='ocrx_word' id='word_1_96' title='bbox 556 1953 662 2032; x_wconf 87' lang='lat' dir='ltr'><strong>elisis,</strong></span> <span class='ocrx_word' id='word_1_97' title='bbox 688 1955 782 2018; x_wconf 90' lang='lat' dir='ltr'><strong>solus</strong></span> <span class='ocrx_word' id='word_1_98' title='bbox 810 1955 1028 2030; x_wconf 86' lang='lat' dir='ltr'><strong>Dunstanus,</strong></span> <span class='ocrx_word' id='word_1_99' title='bbox 1049 1958 1148 2016; x_wconf 88' lang='lat' dir='ltr'><strong>stans</strong></span> <span class='ocrx_word' id='word_1_100' title='bbox 1173 1971 1278 2034; x_wconf 86' lang='lat' dir='ltr'><strong>super</strong></span> <span class='ocrx_word' id='word_1_101' title='bbox 1300 1969 1406 2014; x_wconf 86' lang='lat' dir='ltr'><strong>unam</strong></span> 
     </span>
     <span class='ocr_line' id='line_1_16' title="bbox 457 2050 1408 2135; baseline -0.001 -21"><span class='ocrx_word' id='word_1_102' title='bbox 457 2053 591 2116; x_wconf 90' lang='lat' dir='ltr'><strong>trabem</strong></span> <span class='ocrx_word' id='word_1_103' title='bbox 614 2072 693 2135; x_wconf 80' lang='lat' dir='ltr'><strong>quae</strong></span> <span class='ocrx_word' id='word_1_104' title='bbox 714 2059 888 2135; x_wconf 88' lang='lat' dir='ltr'><strong>superstes</strong></span> <span class='ocrx_word' id='word_1_105' title='bbox 903 2058 990 2129; x_wconf 90' lang='lat' dir='ltr'><strong>erat,</strong></span> <span class='ocrx_word' id='word_1_106' title='bbox 1006 2053 1114 2134; x_wconf 93' lang='lat' dir='ltr'><strong>probe</strong></span> <span class='ocrx_word' id='word_1_107' title='bbox 1125 2051 1261 2130; x_wconf 86' lang='lat' dir='ltr'><strong>evasit;</strong></span> <span class='ocrx_word' id='word_1_108' title='bbox 1284 2050 1408 2132; x_wconf 83' lang='lat' dir='ltr'><strong>reliqui</strong></span> 
     </span>
     <span class='ocr_line' id='line_1_17' title="bbox 458 2150 1408 2234; baseline -0.002 -20"><span class='ocrx_word' id='word_1_109' title='bbox 458 2151 514 2214; x_wconf 87' lang='lat' dir='ltr'><strong>vel</strong></span> <span class='ocrx_word' id='word_1_110' title='bbox 540 2153 742 2229; x_wconf 90' lang='lat' dir='ltr'><strong>exanimati,</strong></span> <span class='ocrx_word' id='word_1_111' title='bbox 773 2153 829 2216; x_wconf 85' lang='lat' dir='ltr'><strong>vel</strong></span> <span class='ocrx_word' id='word_1_112' title='bbox 850 2151 1008 2234; x_wconf 91' lang='lat' dir='ltr'><strong>perpetui</strong></span> <span class='ocrx_word' id='word_1_113' title='bbox 1036 2151 1214 2232; x_wconf 83' lang='lat' dir='ltr'><strong>languoris</strong></span> <span class='ocrx_word' id='word_1_114' title='bbox 1244 2150 1408 2231; x_wconf 89' lang='lat' dir='ltr'><strong>compede</strong></span> 
     </span>
     <span class='ocr_line' id='line_1_18' title="bbox 458 2247 1410 2332; baseline -0.002 -19"><span class='ocrx_word' id='word_1_115' title='bbox 458 2250 602 2314; x_wconf 89' lang='lat' dir='ltr'><strong>detenti.</strong></span> <span class='ocrx_word' id='word_1_116' title='bbox 654 2251 734 2315; x_wconf 91' lang='lat' dir='ltr'><strong>Hoc</strong></span> <span class='ocrx_word' id='word_1_117' title='bbox 749 2251 952 2314; x_wconf 88' lang='lat' dir='ltr'><strong>miraculum</strong></span> <span class='ocrx_word' id='word_1_118' title='bbox 972 2249 1231 2332; x_wconf 88' lang='lat' dir='ltr'><strong>archiepiscopo</strong></span> <span class='ocrx_word' id='word_1_119' title='bbox 1253 2247 1410 2312; x_wconf 83' lang='lat' dir='ltr'><strong>exhibuit</strong></span> 
     </span>
     <span class='ocr_line' id='line_1_19' title="bbox 459 2347 1408 2430; baseline -0.001 -18"><span class='ocrx_word' id='word_1_120' title='bbox 459 2367 580 2430; x_wconf 88' lang='lat' dir='ltr'><strong>paoem</strong></span> <span class='ocrx_word' id='word_1_121' title='bbox 599 2349 642 2413; x_wconf 89' lang='lat' dir='ltr'><strong>de</strong></span> <span class='ocrx_word' id='word_1_122' title='bbox 660 2350 806 2428; x_wconf 76' lang='lat' dir='ltr'><strong>clericiS,</strong></span> <span class='ocrx_word' id='word_1_123' title='bbox 825 2351 984 2414; x_wconf 90' lang='lat' dir='ltr'><strong>omnibus</strong></span> <span class='ocrx_word' id='word_1_124' title='bbox 1000 2347 1126 2430; x_wconf 79' lang='lat' dir='ltr'><strong>Anglis</strong></span> <span class='ocrx_word' id='word_1_125' title='bbox 1148 2357 1233 2413; x_wconf 89' lang='lat' dir='ltr'><strong>tuno</strong></span> <span class='ocrx_word' id='word_1_126' title='bbox 1254 2355 1290 2413; x_wconf 91' lang='lat' dir='ltr'><strong>et</strong></span> <span class='ocrx_word' id='word_1_127' title='bbox 1311 2347 1408 2412; x_wconf 89' lang='lat' dir='ltr'><strong>dein·</strong></span> 
     </span>
     <span class='ocr_line' id='line_1_20' title="bbox 457 2448 1202 2533; baseline 0.005 -23"><span class='ocrx_word' id='word_1_128' title='bbox 457 2468 541 2531; x_wconf 92' lang='lat' dir='ltr'><strong>ceps</strong></span> <span class='ocrx_word' id='word_1_129' title='bbox 556 2448 593 2512; x_wconf 91' lang='lat' dir='ltr'><strong>in</strong></span> <span class='ocrx_word' id='word_1_130' title='bbox 609 2449 684 2533; x_wconf 88' lang='lat' dir='ltr'><strong>ejus</strong></span> <span class='ocrx_word' id='word_1_131' title='bbox 698 2450 906 2514; x_wconf 84' lang='lat' dir='ltr'><strong>sententiam</strong></span> <span class='ocrx_word' id='word_1_132' title='bbox 921 2448 1202 2514; x_wconf 85' lang='lat' dir='ltr'><strong>concedentibus.</strong></span> 
     </span>
    </p>

    <p class='ocr_par' dir='ltr' id='par_1_3' title="bbox 458 2547 1411 3525">
     <span class='ocr_line' id='line_1_21' title="bbox 510 2547 1406 2630; baseline -0.002 -20"><span class='ocrx_word' id='word_1_133' title='bbox 510 2547 620 2630; x_wconf 75' lang='lat' dir='ltr'><strong>§loa</strong></span> <span class='ocrx_word' id='word_1_134' title='bbox 658 2548 798 2613; x_wconf 85' lang='lat' dir='ltr'><strong>Interea</strong></span> <span class='ocrx_word' id='word_1_135' title='bbox 819 2569 882 2613; x_wconf 85' lang='lat' dir='ltr'><strong>rex</strong></span> <span class='ocrx_word' id='word_1_136' title='bbox 905 2547 1097 2614; x_wconf 85' lang='lat' dir='ltr'><strong>Edwardus</strong></span> <span class='ocrx_word' id='word_1_137' title='bbox 1118 2547 1260 2611; x_wconf 89' lang='lat' dir='ltr'><strong>fratrem</strong></span> <span class='ocrx_word' id='word_1_138' title='bbox 1280 2565 1406 2629; x_wconf 88' lang='lat' dir='ltr'><strong>pueru-</strong></span> 
     </span>
     <span class='ocr_line' id='line_1_22' title="bbox 458 2637 1408 2731; baseline -0.002 -21"><span class='ocrx_word' id='word_1_139' title='bbox 458 2647 530 2710; x_wconf 92' lang='lat' dir='ltr'><strong>lum</strong></span> <span class='ocrx_word' id='word_1_140' title='bbox 552 2654 588 2711; x_wconf 92' lang='lat' dir='ltr'><strong>et</strong></span> <span class='ocrx_word' id='word_1_141' title='bbox 610 2667 794 2713; x_wconf 82' lang='lat' dir='ltr'><strong>novercam</strong></span> <span class='ocrx_word' id='word_1_142' title='bbox 815 2649 946 2731; x_wconf 89' lang='lat' dir='ltr'><strong>pietate</strong></span> <span class='ocrx_word' id='word_1_143' title='bbox 967 2666 1123 2727; x_wconf 79' lang='lat' dir='ltr'><strong>congrua</strong></span> <span class='ocrx_word' id='word_1_144' title='bbox 1145 2637 1270 2723; x_wconf 85' lang='lat' dir='ltr'><strong>colere,</strong></span> <span class='ocrx_word' id='word_1_145' title='bbox 1295 2646 1408 2709; x_wconf 87' lang='lat' dir='ltr'><strong>solum</strong></span> 
     </span>
     <span class='ocr_line' id='line_1_23' title="bbox 459 2746 1407 2835; baseline -0.002 -26"><span class='ocrx_word' id='word_1_146' title='bbox 459 2766 583 2810; x_wconf 89' lang='lat' dir='ltr'><strong>nomen</strong></span> <span class='ocrx_word' id='word_1_147' title='bbox 605 2748 698 2829; x_wconf 80' lang='lat' dir='ltr'><strong>regis</strong></span> <span class='ocrx_word' id='word_1_148' title='bbox 721 2747 860 2835; x_wconf 82' lang='lat' dir='ltr'><strong>habere,</strong></span> <span class='ocrx_word' id='word_1_149' title='bbox 883 2747 953 2810; x_wconf 88' lang='lat' dir='ltr'><strong>illis</strong></span> <span class='ocrx_word' id='word_1_150' title='bbox 972 2752 1100 2810; x_wconf 84' lang='lat' dir='ltr'><strong>oaetera</strong></span> <span class='ocrx_word' id='word_1_151' title='bbox 1120 2746 1330 2828; x_wconf 85' lang='lat' dir='ltr'><strong>permittere,</strong></span> <span class='ocrx_word' id='word_1_152' title='bbox 1344 2763 1407 2826; x_wconf 86' lang='lat' dir='ltr'><strong>pa-</strong></span> 
     </span>
     <span class='ocr_line' id='line_1_24' title="bbox 458 2843 1409 2928; baseline -0.004 -18"><span class='ocrx_word' id='word_1_153' title='bbox 458 2853 567 2910; x_wconf 86' lang='lat' dir='ltr'><strong>ternae</strong></span> <span class='ocrx_word' id='word_1_154' title='bbox 593 2847 769 2928; x_wconf 76' lang='lat' dir='ltr'><strong>religionis</strong></span> <span class='ocrx_word' id='word_1_155' title='bbox 791 2847 941 2928; x_wconf 76' lang='lat' dir='ltr'><strong>vestigia</strong></span> <span class='ocrx_word' id='word_1_156' title='bbox 971 2846 1100 2922; x_wconf 67' lang='lat' dir='ltr'><strong>umeri,</strong></span> <span class='ocrx_word' id='word_1_157' title='bbox 1129 2845 1229 2908; x_wconf 91' lang='lat' dir='ltr'><strong>bonis</strong></span> <span class='ocrx_word' id='word_1_158' title='bbox 1257 2843 1409 2907; x_wconf 86' lang='lat' dir='ltr'><strong>consiliis</strong></span> 
     </span>
     <span class='ocr_line' id='line_1_25' title="bbox 460 2942 1408 3020; baseline -0.003 -12"><span class='ocrx_word' id='word_1_159' title='bbox 460 2964 577 3008; x_wconf 90' lang='lat' dir='ltr'><strong>aurem</strong></span> <span class='ocrx_word' id='word_1_160' title='bbox 593 2951 629 3008; x_wconf 91' lang='lat' dir='ltr'><strong>et</strong></span> <span class='ocrx_word' id='word_1_161' title='bbox 648 2946 800 3008; x_wconf 90' lang='lat' dir='ltr'><strong>animum</strong></span> <span class='ocrx_word' id='word_1_162' title='bbox 823 2945 1103 3010; x_wconf 88' lang='lat' dir='ltr'><strong>accommodare:</strong></span> <span class='ocrx_word' id='word_1_163' title='bbox 1129 2951 1168 3008; x_wconf 91' lang='lat' dir='ltr'><strong>at</strong></span> <span class='ocrx_word' id='word_1_164' title='bbox 1190 2942 1324 3020; x_wconf 89' lang='lat' dir='ltr'><strong>mulier,</strong></span> <span class='ocrx_word' id='word_1_165' title='bbox 1346 2962 1408 3006; x_wconf 89' lang='lat' dir='ltr'><strong>no·</strong></span> 
     </span>
     <span class='ocr_line' id='line_1_26' title="bbox 459 3043 1408 3127; baseline -0.004 -19"><span class='ocrx_word' id='word_1_166' title='bbox 459 3043 589 3108; x_wconf 79' lang='lat' dir='ltr'><strong>verculi</strong></span> <span class='ocrx_word' id='word_1_167' title='bbox 620 3043 701 3107; x_wconf 91' lang='lat' dir='ltr'><strong>odio</strong></span> <span class='ocrx_word' id='word_1_168' title='bbox 730 3045 905 3127; x_wconf 86' lang='lat' dir='ltr'><strong>vipereum</strong></span> <span class='ocrx_word' id='word_1_169' title='bbox 929 3044 1047 3109; x_wconf 89' lang='lat' dir='ltr'><strong>dolum</strong></span> <span class='ocrx_word' id='word_1_170' title='bbox 1075 3044 1254 3106; x_wconf 89' lang='lat' dir='ltr'><strong>ruminans</strong></span> <span class='ocrx_word' id='word_1_171' title='bbox 1281 3049 1322 3105; x_wconf 94' lang='lat' dir='ltr'><strong>ut</strong></span> <span class='ocrx_word' id='word_1_172' title='bbox 1345 3061 1408 3104; x_wconf 88' lang='lat' dir='ltr'><strong>nec</strong></span> 
     </span>
     <span class='ocr_line' id='line_1_27' title="bbox 460 3142 1410 3225; baseline 0.001 -22"><span class='ocrx_word' id='word_1_173' title='bbox 460 3160 585 3205; x_wconf 92' lang='lat' dir='ltr'><strong>nomen</strong></span> <span class='ocrx_word' id='word_1_174' title='bbox 597 3143 689 3225; x_wconf 82' lang='lat' dir='ltr'><strong>regis</strong></span> <span class='ocrx_word' id='word_1_175' title='bbox 704 3142 774 3208; x_wconf 89' lang='lat' dir='ltr'><strong>filio</strong></span> <span class='ocrx_word' id='word_1_176' title='bbox 786 3143 933 3220; x_wconf 89' lang='lat' dir='ltr'><strong>deesset,</strong></span> <span class='ocrx_word' id='word_1_177' title='bbox 943 3143 1086 3208; x_wconf 87' lang='lat' dir='ltr'><strong>insidias</strong></span> <span class='ocrx_word' id='word_1_178' title='bbox 1097 3143 1256 3225; x_wconf 82' lang='lat' dir='ltr'><strong>privigno</strong></span> <span class='ocrx_word' id='word_1_179' title='bbox 1265 3148 1410 3217; x_wconf 88' lang='lat' dir='ltr'><strong>struere,</strong></span> 
     </span>
     <span class='ocr_line' id='line_1_28' title="bbox 460 3240 1411 3322; baseline -0.001 -19"><span class='ocrx_word' id='word_1_180' title='bbox 460 3258 547 3322; x_wconf 86' lang='lat' dir='ltr'><strong>quas</strong></span> <span class='ocrx_word' id='word_1_181' title='bbox 575 3241 641 3304; x_wconf 93' lang='lat' dir='ltr'><strong>hoc</strong></span> <span class='ocrx_word' id='word_1_182' title='bbox 658 3242 760 3306; x_wconf 90' lang='lat' dir='ltr'><strong>modo</strong></span> <span class='ocrx_word' id='word_1_183' title='bbox 778 3242 1041 3307; x_wconf 84' lang='lat' dir='ltr'><strong>consummavit.</strong></span> <span class='ocrx_word' id='word_1_184' title='bbox 1084 3242 1215 3306; x_wconf 85' lang='lat' dir='ltr'><strong>Lassus</strong></span> <span class='ocrx_word' id='word_1_185' title='bbox 1228 3240 1411 3306; x_wconf 83' lang='lat' dir='ltr'><strong>venatione</strong></span> 
     </span>
     <span class='ocr_line' id='line_1_29' title="bbox 461 3340 1411 3425; baseline -0.002 -22"><span class='ocrx_word' id='word_1_186' title='bbox 461 3342 700 3405; x_wconf 87' lang='lat' dir='ltr'><strong>revertebatur</strong></span> <span class='ocrx_word' id='word_1_187' title='bbox 724 3349 866 3425; x_wconf 92' lang='lat' dir='ltr'><strong>propter</strong></span> <span class='ocrx_word' id='word_1_188' title='bbox 888 3343 1043 3407; x_wconf 91' lang='lat' dir='ltr'><strong>laborem</strong></span> <span class='ocrx_word' id='word_1_189' title='bbox 1069 3341 1127 3404; x_wconf 93' lang='lat' dir='ltr'><strong>siti</strong></span> <span class='ocrx_word' id='word_1_190' title='bbox 1152 3340 1318 3418; x_wconf 83' lang='lat' dir='ltr'><strong>anhelus3</strong></span> <span class='ocrx_word' id='word_1_191' title='bbox 1352 3358 1411 3402; x_wconf 91' lang='lat' dir='ltr'><strong>oo-</strong></span> 
     </span>
     <span class='ocr_line' id='line_1_30' title="bbox 461 3441 1411 3525; baseline -0.002 -23"><span class='ocrx_word' id='word_1_192' title='bbox 461 3441 574 3517; x_wconf 88' lang='lat' dir='ltr'><strong>mites,</strong></span> <span class='ocrx_word' id='word_1_193' title='bbox 590 3460 659 3523; x_wconf 95' lang='lat' dir='ltr'><strong>quo</strong></span> <span class='ocrx_word' id='word_1_194' title='bbox 683 3461 854 3525; x_wconf 91' lang='lat' dir='ltr'><strong>quemque</strong></span> <span class='ocrx_word' id='word_1_195' title='bbox 875 3460 977 3505; x_wconf 87' lang='lat' dir='ltr'><strong>casus</strong></span> <span class='ocrx_word' id='word_1_196' title='bbox 993 3441 1133 3517; x_wconf 91' lang='lat' dir='ltr'><strong>tulerat,</strong></span> <span class='ocrx_word' id='word_1_197' title='bbox 1149 3458 1252 3503; x_wconf 86' lang='lat' dir='ltr'><strong>canes</strong></span> <span class='ocrx_word' id='word_1_198' title='bbox 1270 3456 1411 3501; x_wconf 89' lang='lat' dir='ltr'><strong>consec·</strong></span> 
     </span>
    </p>
   </div>
   <div class='ocr_carea' id='block_1_3' title="bbox 461 3636 1414 4328">
    <p class='ocr_par' dir='ltr' id='par_1_4' title="bbox 461 3636 1414 4328">
     <span class='ocr_line' id='line_1_31' title="bbox 461 3636 1413 3701; baseline -0.005 -12"><span class='ocrx_word' id='word_1_199' title='bbox 461 3641 542 3690; x_wconf 80' lang='lat' dir='ltr'><strong>There</strong></span> <span class='ocrx_word' id='word_1_200' title='bbox 560 3654 679 3701; x_wconf 81' lang='lat' dir='ltr'><strong>appears,</strong></span> <span class='ocrx_word' id='word_1_201' title='bbox 695 3639 822 3701; x_wconf 84' lang='lat' dir='ltr'><strong>however,</strong></span> <span class='ocrx_word' id='word_1_202' title='bbox 843 3644 869 3688; x_wconf 92' lang='lat' dir='ltr'><strong>to</strong></span> <span class='ocrx_word' id='word_1_203' title='bbox 891 3642 923 3689; x_wconf 90' lang='lat' dir='ltr'><strong>be</strong></span> <span class='ocrx_word' id='word_1_204' title='bbox 989 3636 1000 3668; x_wconf 79' lang='lat'>²</span> <span class='ocrx_word' id='word_1_205' title='bbox 1028 3639 1183 3688; x_wconf 73' lang='lat' dir='ltr'><strong>Dominicum</strong></span> <span class='ocrx_word' id='word_1_206' title='bbox 1210 3637 1342 3700; x_wconf 71' lang='lat' dir='ltr'><strong>imaginem</strong></span> <span class='ocrx_word' id='word_1_207' title='bbox 1369 3652 1413 3685; x_wconf 75' lang='lat' dir='ltr'><strong>ec·</strong></span> 
     </span>
     <span class='ocr_line' id='line_1_32' title="bbox 462 3706 1411 3771; baseline -0.004 -13"><span class='ocrx_word' id='word_1_208' title='bbox 462 3725 494 3758; x_wconf 89' lang='lat' dir='ltr'><strong>no</strong></span> <span class='ocrx_word' id='word_1_209' title='bbox 516 3710 596 3758; x_wconf 91' lang='lat' dir='ltr'><strong>doubt</strong></span> <span class='ocrx_word' id='word_1_210' title='bbox 624 3710 679 3758; x_wconf 87' lang='lat' dir='ltr'><strong>that</strong></span> <span class='ocrx_word' id='word_1_211' title='bbox 702 3709 745 3758; x_wconf 87' lang='lat' dir='ltr'><strong>the</strong></span> <span class='ocrx_word' id='word_1_212' title='bbox 770 3711 870 3758; x_wconf 89' lang='lat' dir='ltr'><strong>couneil</strong></span> <span class='ocrx_word' id='word_1_213' title='bbox 898 3711 927 3758; x_wconf 80' lang='lat' dir='ltr'><strong>oi</strong></span> <span class='ocrx_word' id='word_1_214' title='bbox 948 3708 1170 3771; x_wconf 69' lang='lat' dir='ltr'><strong>presumentem]</strong></span> <span class='ocrx_word' id='word_1_215' title='bbox 1195 3707 1263 3756; x_wconf 88' lang='lat' dir='ltr'><strong>Ecce</strong></span> <span class='ocrx_word' id='word_1_216' title='bbox 1282 3706 1411 3756; x_wconf 88' lang='lat' dir='ltr'><strong>Dominici</strong></span> 
     </span>
     <span class='ocr_line' id='line_1_33' title="bbox 463 3776 1412 3841; baseline -0.003 -15"><span class='ocrx_word' id='word_1_217' title='bbox 463 3778 544 3828; x_wconf 84' lang='lat' dir='ltr'><strong>Oalne</strong></span> <span class='ocrx_word' id='word_1_218' title='bbox 555 3793 609 3827; x_wconf 82' lang='lat' dir='ltr'><strong>was</strong></span> <span class='ocrx_word' id='word_1_219' title='bbox 620 3777 713 3826; x_wconf 89' lang='lat' dir='ltr'><strong>holden</strong></span> <span class='ocrx_word' id='word_1_220' title='bbox 724 3779 750 3826; x_wconf 89' lang='lat' dir='ltr'><strong>in</strong></span> <span class='ocrx_word' id='word_1_221' title='bbox 760 3783 819 3840; x_wconf 82' lang='grc'><strong>978,</strong></span> <span class='ocrx_word' id='word_1_222' title='bbox 831 3778 924 3841; x_wconf 77' lang='lat' dir='ltr'><strong>during</strong></span> <span class='ocrx_word' id='word_1_223' title='bbox 950 3779 1062 3840; x_wconf 88' lang='lat' dir='ltr'><strong>corporis</strong></span> <span class='ocrx_word' id='word_1_224' title='bbox 1073 3777 1161 3838; x_wconf 79' lang='lat' dir='ltr'><strong>forma,</strong></span> <span class='ocrx_word' id='word_1_225' title='bbox 1172 3776 1266 3826; x_wconf 81' lang='lat' dir='ltr'><strong>vexillo</strong></span> <span class='ocrx_word' id='word_1_226' title='bbox 1276 3776 1360 3825; x_wconf 85' lang='lat' dir='ltr'><strong>crucis</strong></span> <span class='ocrx_word' id='word_1_227' title='bbox 1373 3776 1412 3823; x_wconf 88' lang='lat' dir='ltr'><strong>in-</strong></span> 
     </span>
     <span class='ocr_line' id='line_1_34' title="bbox 462 3846 1412 3910; baseline 0 -14"><span class='ocrx_word' id='word_1_228' title='bbox 462 3848 505 3897; x_wconf 86' lang='lat' dir='ltr'><strong>the</strong></span> <span class='ocrx_word' id='word_1_229' title='bbox 523 3847 568 3896; x_wconf 81' lang='lat' dir='ltr'><strong>lile</strong></span> <span class='ocrx_word' id='word_1_230' title='bbox 578 3847 608 3896; x_wconf 84' lang='lat' dir='ltr'><strong>oi</strong></span> <span class='ocrx_word' id='word_1_231' title='bbox 616 3847 746 3896; x_wconf 83' lang='lat' dir='ltr'><strong>Eadward</strong></span> <span class='ocrx_word' id='word_1_232' title='bbox 761 3847 804 3896; x_wconf 89' lang='lat' dir='ltr'><strong>the</strong></span> <span class='ocrx_word' id='word_1_233' title='bbox 815 3849 923 3910; x_wconf 77' lang='lat' dir='ltr'><strong>Mortyr.</strong></span> <span class='ocrx_word' id='word_1_234' title='bbox 950 3849 1010 3910; x_wconf 80' lang='lat' dir='ltr'><strong>fixa,</strong></span> <span class='ocrx_word' id='word_1_235' title='bbox 1021 3852 1099 3909; x_wconf 85' lang='lat' dir='ltr'><strong>atque</strong></span> <span class='ocrx_word' id='word_1_236' title='bbox 1110 3846 1231 3896; x_wconf 83' lang='lat' dir='ltr'><strong>medioeri</strong></span> <span class='ocrx_word' id='word_1_237' title='bbox 1241 3846 1332 3895; x_wconf 88' lang='lat' dir='ltr'><strong>domus</strong></span> <span class='ocrx_word' id='word_1_238' title='bbox 1340 3850 1412 3907; x_wconf 81' lang='lat' dir='ltr'><strong>perte</strong></span> 
     </span>
     <span class='ocr_line' id='line_1_35' title="bbox 463 3915 1414 3980; baseline -0.003 -15"><span class='ocrx_word' id='word_1_239' title='bbox 463 3918 593 3979; x_wconf 79' lang='lat' dir='ltr'><strong>Florenoe,</strong></span> <span class='ocrx_word' id='word_1_240' title='bbox 603 3915 730 3980; x_wconf 83' lang='lat' dir='ltr'><strong>however,</strong></span> <span class='ocrx_word' id='word_1_241' title='bbox 741 3918 842 3979; x_wconf 74' lang='lat' dir='ltr'><strong>assigna</strong></span> <span class='ocrx_word' id='word_1_242' title='bbox 859 3919 879 3966; x_wconf 91' lang='lat' dir='ltr'><strong>it</strong></span> <span class='ocrx_word' id='word_1_243' title='bbox 898 3922 925 3967; x_wconf 91' lang='lat' dir='ltr'><strong>to</strong></span> <span class='ocrx_word' id='word_1_244' title='bbox 949 3917 1042 3979; x_wconf 79' lang='lat' dir='ltr'><strong>locata,</strong></span> <span class='ocrx_word' id='word_1_245' title='bbox 1058 3916 1182 3966; x_wconf 86' lang='lat' dir='ltr'><strong>humanos</strong></span> <span class='ocrx_word' id='word_1_246' title='bbox 1202 3916 1344 3977; x_wconf 79' lang='lat' dir='ltr'><strong>exprimens</strong></span> <span class='ocrx_word' id='word_1_247' title='bbox 1360 3929 1414 3963; x_wconf 87' lang='lat' dir='ltr'><strong>mo-</strong></span> 
     </span>
     <span class='ocr_line' id='line_1_36' title="bbox 463 3985 1413 4050; baseline -0.002 -15"><span class='ocrx_word' id='word_1_248' title='bbox 463 3987 506 4035; x_wconf 87' lang='lat' dir='ltr'><strong>the</strong></span> <span class='ocrx_word' id='word_1_249' title='bbox 518 4001 579 4048; x_wconf 84' lang='lat' dir='ltr'><strong>year</strong></span> <span class='ocrx_word' id='word_1_250' title='bbox 589 3989 647 4036; x_wconf 74' lang='lat' dir='ltr'><strong>ott.</strong></span> <span class='ocrx_word' id='word_1_251' title='bbox 949 3987 1006 4050; x_wconf 81' lang='lat' dir='ltr'><strong>dos,</strong></span> <span class='ocrx_word' id='word_1_252' title='bbox 1023 3987 1135 4035; x_wconf 86' lang='lat' dir='ltr'><strong>omnium</strong></span> <span class='ocrx_word' id='word_1_253' title='bbox 1154 3999 1229 4034; x_wconf 85' lang='lat' dir='ltr'><strong>voees</strong></span> <span class='ocrx_word' id='word_1_254' title='bbox 1248 3985 1413 4046; x_wconf 82' lang='lat' dir='ltr'><strong>compescuit,</strong></span> 
     </span>
     <span class='ocr_line' id='line_1_37' title="bbox 949 4053 1412 4119; baseline -0.011 -13"><span class='ocrx_word' id='word_1_255' title='bbox 949 4056 1052 4106; x_wconf 82' lang='lat' dir='ltr'><strong>dicens:</strong></span> <span class='ocrx_word' id='word_1_256' title='bbox 1070 4054 1145 4104; x_wconf 68' lang='lat' dir='ltr'><strong>Auru</strong></span> <span class='ocrx_word' id='word_1_257' title='bbox 1156 4055 1209 4116; x_wconf 81' lang='lat' dir='ltr'><strong>hoc,</strong></span> <span class='ocrx_word' id='word_1_258' title='bbox 1225 4053 1329 4119; x_wconf 73' lang='lat' dir='ltr'><strong>utfiut5</strong></span> <span class='ocrx_word' id='word_1_259' title='bbox 1346 4053 1412 4102; x_wconf 77' lang='lat' dir='ltr'><strong>obsit</strong></span> 
     </span>
     <span class='ocr_line' id='line_1_38' title="bbox 500 4123 1413 4190; baseline 0 -16"><span class='ocrx_word' id='word_1_260' title='bbox 500 4123 677 4174; x_wconf 77' lang='lat' dir='ltr'><strong>¹Alioeliteroe</strong></span> <span class='ocrx_word' id='word_1_261' title='bbox 692 4125 797 4188; x_wconf 71' lang='lat' dir='ltr'><strong>dorent]</strong></span> <span class='ocrx_word' id='word_1_262' title='bbox 817 4125 865 4175; x_wconf 87' lang='lat' dir='ltr'><strong>See</strong></span> <span class='ocrx_word' id='word_1_263' title='bbox 876 4125 927 4176; x_wconf 87' lang='lat' dir='ltr'><strong>Os·</strong></span> <span class='ocrx_word' id='word_1_264' title='bbox 950 4124 1106 4190; x_wconf 59' lang='lat' dir='ltr'><strong>beamfled.</strong></span> <span class='ocrx_word' id='word_1_265' title='bbox 1142 4125 1251 4174; x_wconf 85' lang='lat' dir='ltr'><strong>Osbem.</strong></span> <span class='ocrx_word' id='word_1_266' title='bbox 1259 4124 1303 4188; x_wconf 82' lang='lat' dir='ltr'><strong>De</strong></span> <span class='ocrx_word' id='word_1_267' title='bbox 1313 4123 1375 4171; x_wconf 73' lang='lat' dir='ltr'><strong>vita</strong></span> <span class='ocrx_word' id='word_1_268' title='bbox 1385 4123 1413 4174; x_wconf 86' lang='lat' dir='ltr'><strong>S.</strong></span> 
     </span>
     <span class='ocr_line' id='line_1_39' title="bbox 463 4193 1414 4263; baseline -0.001 -20"><span class='ocrx_word' id='word_1_269' title='bbox 463 4196 534 4244; x_wconf 87' lang='lat' dir='ltr'><strong>bern.</strong></span> <span class='ocrx_word' id='word_1_270' title='bbox 541 4195 647 4244; x_wconf 76' lang='lat' dir='ltr'><strong>nevira</strong></span> <span class='ocrx_word' id='word_1_271' title='bbox 655 4195 682 4244; x_wconf 86' lang='lat' dir='ltr'><strong>S.</strong></span> <span class='ocrx_word' id='word_1_272' title='bbox 689 4194 826 4246; x_wconf 84' lang='lat' dir='ltr'><strong>Dunstani.</strong></span> <span class='ocrx_word' id='word_1_273' title='bbox 836 4195 925 4263; x_wconf 76' lang='lat' dir='ltr'><strong>(Angl.</strong></span> <span class='ocrx_word' id='word_1_274' title='bbox 951 4195 1089 4246; x_wconf 86' lang='lat' dir='ltr'><strong>Dunstani.</strong></span> <span class='ocrx_word' id='word_1_275' title='bbox 1105 4193 1196 4263; x_wconf 76' lang='lat' dir='ltr'><strong>(Angl.</strong></span> <span class='ocrx_word' id='word_1_276' title='bbox 1216 4193 1286 4245; x_wconf 89' lang='lat' dir='ltr'><strong>Saer.</strong></span> <span class='ocrx_word' id='word_1_277' title='bbox 1302 4205 1363 4255; x_wconf 83' lang='lat' dir='ltr'><strong>pars</strong></span> <span class='ocrx_word' id='word_1_278' title='bbox 1382 4204 1414 4242; x_wconf 86' lang='lat'><strong>11.</strong></span> 
     </span>
     <span class='ocr_line' id='line_1_40' title="bbox 463 4261 1060 4328; baseline 0 -15"><span class='ocrx_word' id='word_1_279' title='bbox 463 4265 534 4315; x_wconf 86' lang='lat' dir='ltr'><strong>Sacr.</strong></span> <span class='ocrx_word' id='word_1_280' title='bbox 546 4279 607 4327; x_wconf 88' lang='lat' dir='ltr'><strong>pars</strong></span> <span class='ocrx_word' id='word_1_281' title='bbox 618 4277 648 4314; x_wconf 87' lang='lat'><strong>11.</strong></span> <span class='ocrx_word' id='word_1_282' title='bbox 661 4279 688 4326; x_wconf 86' lang='lat' dir='ltr'><strong>p.</strong></span> <span class='ocrx_word' id='word_1_283' title='bbox 701 4261 770 4328; x_wconf 74' lang='lat'>112.)</span> <span class='ocrx_word' id='word_1_284' title='bbox 951 4280 977 4327; x_wconf 86' lang='lat' dir='ltr'><strong>p.</strong></span> <span class='ocrx_word' id='word_1_285' title='bbox 991 4261 1060 4328; x_wconf 76' lang='lat'>112.)</span> 
     </span>
    </p>
   </div>
   <div class='ocr_carea' id='block_1_4' title="bbox 0 0 1611 5048">
    <p class='ocr_par' dir='ltr' id='par_1_5' title="bbox 0 0 1611 5048">
     <span class='ocr_line' id='line_1_41' title="bbox 0 0 1611 5048; baseline 0 0"><span class='ocrx_word' id='word_1_286' title='bbox 0 0 1611 5048; x_wconf 95' lang='lat' dir='ltr'><strong> </strong></span> 
     </span>
    </p>
   </div>
  </div>
 </body>
</html>
