3180 5048
440 427 507 492 210
664 441 778 490 cssrs
802 441 928 491 ancos
952 441 1165 491 succensu.
1245 427 1333 509 [nra.
1351 445 1392 490 11.

442 603 479 662 et
506 595 543 662 in
568 603 654 678 toga
687 595 849 662 nobiliter
879 602 1131 672 consummata,
1159 597 1282 678 paucis
1312 604 1395 660 ante

444 696 576 762 obitum
586 695 718 773 diebus,
735 689 873 758 ¹urhem
886 694 1094 782 Legionum,
1109 695 1237 761 fiducia
1254 696 1395 761 Briton-

444 815 503 860 um
519 794 755 871 rebellantem,
772 813 794 858 a
818 795 1038 859 contumacia
1061 796 1296 876 compescuit:
1331 796 1396 858 ibi-

446 913 514 977 que
522 894 685 976 praesidio
694 893 842 958 militum
852 893 1027 975 imposito,
1036 894 1131 976 apud
1139 887 1396 960 ²Ferendunam

445 992 578 1070 villam,
586 1000 702 1056 taetus
712 992 922 1068 valetudine,
932 992 1042 1056 vitam
1050 999 1257 1074 praesentem
1267 986 1395 1072 'extrit3

446 1099 483 1156 et
503 1091 693 1167 Vintoniae,
721 1099 761 1154 ut
787 1091 947 1172 predixi,
977 1091 1141 1156 humatus
1167 1099 1232 1156 est.
1284 1091 1397 1168 Tunc,

443 1191 546 1274 jussu
563 1190 673 1273 patris
691 1197 726 1254 et
741 1195 963 1265 testamento,
979 1189 1205 1258 Ethelstanus
1221 1191 1259 1255 in
1280 1209 1398 1272 regem

448 1289 661 1356 acclamatus
688 1296 754 1366 est,
782 1309 885 1371 quem
907 1288 984 1372 jam
1013 1289 1213 1354 tricennalis
1245 1297 1332 1354 aetas
1363 1297 1399 1354 et

447 1389 629 1470 sapientiae
661 1389 844 1452 maturitas
875 1388 1173 1452 commendabant.
1237 1388 1330 1452 Nam
1362 1396 1398 1452 et

449 1505 538 1552 avus
554 1487 715 1551 Elirodus
737 1506 940 1569 prosperum
956 1487 988 1550 ei
1003 1505 1149 1568 regnum
1165 1488 1248 1553 olim
1269 1488 1396 1569 impre-

449 1593 550 1651 catus
567 1585 692 1662 fuerat,
707 1586 830 1652 videns
846 1592 881 1649 et
896 1586 1049 1666 gratiose
1073 1585 1277 1669 complexus
1299 1606 1399 1668 spec-

449 1691 535 1750 tatae
568 1685 695 1767 speciei
727 1704 873 1767 puerum
904 1692 940 1748 et
972 1690 1132 1766 gestuum
1164 1686 1397 1767 elegantium

449 1776 567 1866 *quem
576 1784 681 1848 etiam
691 1791 901 1865 praemature
915 1784 1059 1847 militem
1075 1783 1216 1861 iecerat,
1231 1785 1397 1848 donatum

451 1882 633 1965 chlamyde
656 1883 830 1959 coccinea,
845 1890 1020 1964 gemmato
1044 1883 1196 1960 baltheo,
1213 1903 1295 1948 ense
1311 1882 1398 1948 Sax-

451 1981 552 2046 onieo
576 2001 656 2044 cum
681 1982 810 2062 vagina
836 2000 955 2046 aurea.
1021 1980 1109 2045 Post
1137 1982 1211 2047 haec
1236 1983 1273 2046 in
1304 1981 1400 2044 curia

451 2078 532 2144 liliae
558 2079 761 2145 Ethelfledae
787 2087 823 2143 et
848 2080 967 2161 generi
996 2078 1158 2144 Etheredi
1184 2080 1400 2145 educandum

451 2185 655 2257 curaverat3
678 2178 738 2242 uhi
752 2178 863 2242 multo
879 2178 994 2242 studio
1017 2180 1133 2244 amitae
1150 2187 1185 2243 et
1206 2180 1399 2262 praeclaris-

451 2276 530 2339 simi
551 2277 649 2341 ducis
669 2277 713 2340 ad
730 2296 831 2340 omen
847 2277 945 2358 regni
963 2277 1068 2355 altus,
1095 2278 1208 2360 gloria
1230 2281 1398 2348 nautum

451 2375 601 2440 calcavit
617 2383 652 2439 et
667 2377 795 2458 pressit
815 2376 994 2452 invidiam,
1018 2384 1099 2458 post
1122 2385 1273 2442 mortem.
1290 2378 1400 2459 patris

352 2533 353 2537 ,
450 2480 487 2536 et
512 2474 690 2538 interitum
717 2474 835 2546 fratris
857 2475 893 2538 in
917 2495 1035 2557 regem
1062 2476 1155 2557 apud
1179 2476 1399 2559 Kingestune

451 2584 649 2639 coronatus.
719 2573 821 2638 Unde
858 2594 921 2656 pro
941 2581 1136 2638 'tantorum
1177 2594 1400 2640 successuum

452 2671 576 2752 gloria,
599 2679 635 2736 et
655 2671 750 2736 illius
775 2672 844 2736 diei
864 2673 1001 2750 laetitia,
1016 2671 1104 2759 (non
1120 2672 1278 2759 injuria)
1293 2675 1401 2741 versi-

453 2770 539 2834 ficus
554 2771 748 2836 exclamat:

474 2921 485 2950 ‘
503 2917 617 2998 Regia
631 2919 814 3000 progenies
830 2919 996 3000 produxit
1011 2918 1126 2983 nobile
1142 2925 1289 2982 stemma

504 3014 593 3080 Cum
609 3017 760 3080 tenebris
776 3018 905 3080 nostris
920 3017 1039 3082 illuxit
1051 3017 1231 3100 splendida
1245 3037 1394 3100 gemma,

503 3113 657 3195 Magnus
673 3113 899 3194 AdelstanuS,
912 3118 1036 3198 patriae
1052 3117 1169 3192 decus,
1181 3118 1294 3180 orbita
1304 3118 1403 3194 recti,

504 3212 657 3278 Illustris
672 3215 828 3296 probitas
845 3214 889 3278 de
905 3235 987 3280 vero
1003 3217 1120 3280 nescia
1135 3215 1239 3278 flecti.

485 3309 561 3376 nd
585 3314 695 3394 patris
718 3314 870 3378 edictum
886 3314 988 3378 datus
1013 3317 1050 3378 in
1073 3315 1281 3379 documenta
1301 3314 1400 3378 scho-

602 3412 727 3490 larum,

504 3507 677 3574 Extimuit
693 3511 824 3594 rigidos
840 3511 952 3575 ferula
968 3512 1160 3594 crepitante
1176 3511 1363 3593 magistros
1377 3532 1386 3591 3

488 3773 498 3806 ¹
513 3776 602 3826 Urbem
612 3777 769 3842 Legionem]
787 3778 904 3829 Ghester.
942 3780 1023 3829 sidens
1034 3780 1089 3829 that
1099 3779 1150 3828 this
1166 3793 1277 3841 passage
1293 3781 1367 3830 tends
1378 3786 1404 3828 to

489 3842 701 3916 ’Feeeuueamq
727 3848 761 3899 A.
784 3850 831 3909 C.;
857 3849 916 3898 Fer·
941 3864 1018 3910 prove
1041 3849 1084 3897 the
1107 3849 1235 3897 existence
1252 3849 1282 3898 oi
1299 3848 1404 3911 knights

453 3914 557 3977 dunum,
568 3915 604 3966 D.
616 3917 649 3966 E.
662 3917 694 3967 L.
705 3917 745 3966 M.
941 3933 971 3967 as
992 3933 1009 3968 a
1031 3918 1136 3966 distinct
1156 3917 1231 3966 order
1252 3933 1343 3980 among
1360 3919 1403 3967 the

488 3982 615 4049 ⁸Easit.]
633 3985 680 4048 ὣς
697 3987 787 4048 exivit,
798 3985 832 4037 A.
842 3987 872 4037 c.
881 3986 916 4037 D.
941 3988 1056 4048 Saxons3
1074 3985 1171 4048 though
1186 3986 1296 4048 perhaps
1310 3989 1331 4036 it
1344 4003 1403 4049 may

453 4054 486 4102 Ε.
498 4054 530 4103 L.
542 4055 581 4105 M.
941 4062 1045 4106 amount
1067 4062 1094 4105 to
1116 4056 1220 4118 nothing
1246 4071 1315 4106 more
1341 4058 1404 4106 than

488 4119 674 4179 ‘Qamctiom
687 4127 835 4188 memoture
851 4125 918 4174 mili·
941 4126 985 4174 the
1013 4126 1155 4187 hestowing
1179 4125 1220 4174 his
1252 4127 1307 4177 tirst
1335 4142 1403 4176 arms

454 4194 502 4238 tem
516 4192 635 4255 fecerat]
663 4195 715 4244 Mt.
738 4194 837 4256 Sharpe
860 4210 919 4244 oon·
942 4210 1012 4257 upon
1022 4195 1084 4245 him.
