3180 5048
428 476 494 541 190
643 493 756 542 casua
780 494 907 541 aucun
932 493 1147 542 ancuoauu.
1239 480 1324 560 [mu.
1342 495 1380 542 11.

428 649 483 712 vir
507 650 717 732 perspicacis
742 650 874 732 ingenii
899 653 939 715 et'
955 651 1074 715 multae
1098 651 1284 730 facundiae,
1307 653 1379 735 qni,

428 748 558 812 dudum
581 752 869 832 concrepantibus
891 751 1043 834 undique
1070 752 1238 816 bellorum
1260 753 1379 834 frago-

428 849 536 926 ribus,
559 848 595 913 in
620 850 804 914 Franciam
828 850 872 913 ad
896 849 1067 915 Karolum
1089 849 1236 916 Calvum
1260 859 1376 916 trans-

428 948 528 1024 ierat,
544 949 645 1032 cujus
664 956 791 1032 rogatu
812 950 1055 1015 Hierarchiam
1072 944 1251 1034 ¹Dionysii
1265 949 1377 1016 Areo·

427 1049 557 1129 pagitae
581 1050 618 1112 in
645 1049 808 1114 Latinum
833 1051 876 1114 de
904 1050 1030 1115 Graeco
1059 1051 1202 1114 verbum
1227 1070 1246 1114 e
1272 1053 1378 1115 verbo

427 1148 628 1228 transtulit3
662 1150 857 1232 composuit
889 1151 994 1214 etiam
1024 1150 1149 1213 librum
1177 1169 1280 1233 quem
1309 1145 1379 1241 περὶ

410 1268 412 1274 ·
427 1239 541 1331 φύσεων
550 1249 716 1339 μερισμοῦ,
727 1249 763 1312 id
774 1257 840 1326 est,
852 1249 907 1313 De
925 1249 1072 1314 Naturae
1085 1249 1278 1328 Diuisione,
1292 1251 1378 1313 11111-ι

425 1345 524 1422 lavit,
542 1356 683 1430 propter
696 1349 964 1431 perplexitatem
978 1350 1249 1414 necessariarum
1263 1368 1378 1433 quaes·

425 1446 558 1509 tionum
581 1447 783 1512 solvendam
807 1450 894 1512 bene
914 1449 1057 1528 utilem;
1080 1448 1110 1512 si
1127 1455 1243 1512 tamen
1258 1450 1377 1530 ignos-

426 1553 525 1609 catur
556 1547 587 1609 01
616 1547 653 1610 in
682 1548 867 1630 aliquibus,
895 1549 932 1611 in
962 1550 1088 1631 quibus
1116 1567 1138 1612 a
1170 1548 1375 1612 Latinorum

425 1646 565 1710 tramite
580 1646 747 1724 deviavit,
768 1648 851 1711 dum
873 1649 910 1710 in
936 1646 1080 1712 Graecos
1106 1647 1233 1712 acriter
1257 1649 1378 1713 oculos

423 1743 582 1809 intendit.
645 1745 916 1811 succedentibus
941 1747 1041 1811 annis
1065 1746 1301 1811 munificentia
1314 1747 1375 1810 El-

423 1843 512 1908 fredi
527 1845 673 1908 allectus
688 1848 785 1910 venit
795 1844 973 1928 Angliam,
982 1853 1019 1910 et
1029 1846 1120 1928 apud
1130 1847 1375 1910 monasterium

379 2007 381 2012 ,
424 1951 581 2007 nostrum
595 1964 616 2007 a
629 1947 746 2026 pneris
760 1965 848 2028 quos
863 1946 1010 2010 docebat
1021 1945 1186 2029 graphiis,
1203 1952 1243 2010 ut
1253 1945 1375 2022 fertur,

424 2043 631 2123 perforatae,
644 2045 750 2108 etiam
763 2053 897 2128 martyr
906 2046 1100 2109 aestimatus
1115 2051 1188 2124 est3
1204 2046 1296 2128 quod
1310 2047 1374 2108 sub

424 2143 587 2223 ambiguo
605 2142 650 2206 ad
666 2143 829 2227 injuriam
846 2152 977 2207 sanctae
998 2145 1122 2208 animae
1134 2163 1203 2208 non
1214 2144 1373 2222 dixerim,

424 2259 502 2304 cum
520 2242 688 2304 celebrem
708 2243 783 2327 ejus
806 2244 1004 2308 memoriam
1026 2244 1245 2326 sepulchrum
1267 2245 1302 2308 in
1324 2246 1371 2307 si-

424 2339 533 2403 nistro
550 2341 659 2405 latere
684 2343 816 2420 altaris,
833 2350 869 2406 et
885 2343 1052 2426 epitaphii
1076 2342 1225 2426 prodant
1239 2362 1372 2420 verene,

423 2441 537 2503 scabri
552 2441 690 2523 quidem
707 2448 742 2505 et
757 2442 912 2506 moderni
929 2443 1094 2524 temporis
1109 2443 1193 2506 lima
1204 2449 1373 2520 carentes

423 2538 483 2602 sed
502 2541 704 2624 abantiquo
719 2560 788 2604 non
805 2542 890 2605 adeo
905 2541 1087 2607 deformes.

423 2693 433 2722 ‘
452 2688 635 2754 Clauditur
645 2691 681 2753 in
696 2691 829 2755 tumulo
843 2697 985 2755 sanctus
999 2691 1156 2773 sophista
1167 2690 1190 2754 J
1193 2689 1358 2768 ohannes,

449 2788 520 2867 Qui
534 2789 666 2854 ditatus
679 2798 756 2854 erat
763 2790 839 2873 jam
852 2792 974 2856 vivens
988 2790 1151 2872 dogmate
1162 2790 1249 2853 miro
1263 2809 1272 2867 3

448 2887 621 2971 Martyrio
635 2889 775 2952 tandem
791 2889 921 2952 Christi
937 2889 1164 2954 conscendere
1178 2908 1336 2970 regnum,

450 2986 542 3065 Quo,
557 2989 694 3064 meruit,
708 2995 857 3070 regnant
872 2989 985 3053 saneti
999 3009 1061 3072 per
1074 2990 1192 3053 secula
1206 2988 1346 3052 cuncti!

262 3161 410 3202 reinerum.
467 3133 574 3217 1113.
599 3133 668 3198 His
682 3127 959 3200 ²collateralibus
978 3156 1041 3199 rex
1066 3135 1189 3213 fretae,
1213 3135 1374 3200 liberales

260 3215 410 3312 11111111*
423 3240 516 3298 artes
539 3234 624 3298 totis
638 3234 798 3298 meamus
820 3235 957 3312 enarra,
980 3236 1018 3298 in
1043 3241 1179 3298 tantum
1202 3243 1242 3298 ut
1256 3236 1372 3299 nunus

422 3330 617 3416 Anglorum
645 3333 750 3398 inerit
774 3334 831 3397 vel
853 3335 890 3397 in
910 3334 1138 3416 intelligendo
1160 3335 1295 3398 acutior
1316 3336 1372 3400 vel

421 3432 458 3496 in
476 3433 735 3516 interpretando
756 3434 971 3515 elegantior3
994 3434 1087 3516 quod
1110 3453 1151 3497 eo
1167 3435 1279 3516 magis
1298 3441 1373 3498 erat

420 3639 506 3690 where
524 3641 556 3690 110
575 3640 714 3689 translated
732 3639 884 3689 thelamone
957 3637 1091 3703 ι1110111111
1113 3640 1299 3704 Areopagum]
1327 3643 1372 3693 Jo-

421 3710 493 3760 work
515 3710 545 3758 01
568 3711 605 3759 St.
628 3710 719 3771 Derris,
741 3710 831 3771 bishcp
859 3709 888 3757 01
910 3708 1006 3759 haunes
1028 3711 1129 3760 Scottus
1154 3710 1284 3760 dissented
1308 3710 1371 3762 from

421 3779 529 3840 Athens,
551 3779 613 3826 ‘De
630 3779 724 3827 divinia
742 3779 884 3828 nominibus
909 3779 951 3828 the
970 3780 1073 3841 opinion
1090 3779 1119 3829 01
1139 3780 1271 3844 Hiucmar,
1289 3780 1373 3832 Anas-

420 3849 461 3897 vel
479 3848 626 3898 coelestibns
646 3848 795 3897 ordinibus!
842 3849 885 3896 He
909 3849 999 3911 tacius,
1010 3849 1061 3898 and
1078 3850 1121 3898 the
1137 3850 1209 3899 other
1225 3850 1372 3901 translatore

420 3918 447 3966 ie
461 3917 604 3967 mentioned
618 3918 653 3976 by
672 3919 744 3980 Pope
760 3918 884 3966 Nicholas
909 3917 937 3968 01
945 3919 987 3968 the
999 3919 1054 3968 Life
1063 3919 1092 3967 01
1100 3920 1137 3968 St.
1148 3919 1230 3968 Denie
1241 3920 1283 3969 the
1293 3921 1372 3970 Areo·

420 3988 443 4038 1.
462 3989 488 4036 in
507 3988 548 4036 his
570 3986 660 4049 episde
683 3991 709 4036 to
731 3987 837 4037 Charles
859 3988 883 4036 le
908 3990 1003 4050 pugile,
1021 3988 1080 4037 who
1099 3989 1163 4039 have
1186 3991 1324 4051 attempted
1345 3996 1371 4039 to

420 4058 541 4118 Chauve3
569 4058 616 4105 but
637 4057 679 4105 the
700 4073 762 4119 year
789 4058 818 4106 01
842 4057 882 4106 his
908 4057 1015 4119 identify
1026 4059 1068 4107 the
1080 4059 1134 4108 first
1149 4059 1240 4121 bishop
1251 4060 1280 4108 01
1294 4060 1369 4109 Paris

419 4127 495 4176 death
518 4129 541 4176 is
563 4128 702 4178 uncertain.
748 4127 882 4194 (Ussher's
907 4129 969 4176 with
980 4129 1023 4176 the
1033 4128 1161 4177 Athenian
1171 4133 1274 4190 martyr.

418 4197 521 4259 Sylloge
537 4198 595 4248 Vet.
612 4197 696 4259 Epist.
709 4197 801 4248 Hiber.
812 4209 881 4248 xxti.
942 4195 1172 4261 'Collaterolihua]
1191 4199 1219 4246 S.
1227 4201 1259 4248 E.
1267 4199 1316 4258 L.;
1333 4199 1371 4246 la-

418 4262 472 4329 40.)
906 4268 1038 4330 teralibue,
1051 4269 1081 4318 C.
1093 4269 1128 4318 D.
1143 4269 1178 4319 K.
1189 4268 1228 4318 M.
