3170 5054
401 471 446 536 82·
620 481 733 530 unsri
757 479 884 528 aucun
908 478 1123 526 auctorum.
1224 462 1310 542 [mu.
1329 477 1353 523 1.

403 637 631 708 ¹monasteria
647 639 773 706 ibidem
790 637 1000 714 construxit,
1017 637 1165 700 alterum
1180 634 1290 712 Petri,
1302 635 1353 698 al-

403 749 515 806 terum
538 740 642 804 Pauli
670 739 819 816 nomine,
847 738 1005 803 caritatis
1023 744 1058 800 et
1077 735 1207 817 regulae
1228 736 1361 798 unione

369 859 370 862 ’
403 862 473 907 non
489 841 734 923 discrepantia.
788 838 907 921 Hujus
930 836 1136 900 industriam
1158 842 1193 899 et
1219 835 1362 916 patior--

404 943 491 1006 tiam
525 940 708 1010 mirabitur
734 939 794 1021 qui
825 938 919 1018 leget
950 931 1092 1000 ²librum
1123 954 1226 1018 quem
1258 933 1356 996 Beda

405 1041 600 1123 composuit
623 1039 763 1102 devita
789 1037 864 1120 ejus
893 1042 928 1100 et
953 1036 1165 1118 reliquorum
1191 1035 1356 1097 abbatum

405 1159 558 1222 suorum.
628 1137 853 1213 Industriam,
896 1135 988 1218 quod
1023 1135 1158 1216 copiam
1191 1135 1357 1197 librorum

406 1239 600 1315 advexerit,
632 1237 724 1320 quod
751 1235 901 1300 artifices
927 1235 1142 1318 lapidearum
1169 1234 1295 1298 aedium
1323 1241 1358 1297 et

407 1340 595 1403 vitrearum
614 1338 841 1401 fenestrarum
862 1336 993 1418 primps
1023 1335 1175 1398 omnium
1192 1331 1358 1415 Angliam

407 1438 582 1515 asciverit,
609 1445 721 1502 totum
747 1455 834 1518 pene
857 1429 987 1499 ³aevum
1014 1433 1238 1515 transigendo
1261 1453 1359 1515 pere-

407 1539 594 1619 grinatus3
647 1537 775 1619 qnippe
817 1534 933 1598 studio
969 1533 1161 1598 advehendi
1200 1533 1360 1614 cognatis

408 1637 549 1720 aliquod
573 1636 751 1700 insolitum
778 1654 876 1699 amor
900 1635 1024 1717 patriae
1050 1641 1086 1698 et
1110 1633 1273 1716 voluptas
1291 1633 1363 1696 ele·

408 1738 538 1818 gantiae
563 1755 706 1818 asperos
739 1735 907 1798 fallebant
939 1734 1095 1798 labores:
1130 1752 1241 1816 neque
1270 1733 1360 1796 enim

409 1843 491 1918 ante
526 1836 752 1900 Benedictum
787 1834 915 1917 lapidei
952 1834 1130 1898 tabulatus
1169 1833 1291 1897 domus
1324 1833 1361 1896 in

411 1936 595 1999 Britannia
624 1935 691 1997 nisi
721 1953 862 2017 perraro
892 1933 1110 2012 videbantur,
1139 1953 1251 2016 neque
1284 1953 1361 2014 per-

411 2035 597 2117 spicuitate
623 2034 706 2097 vitri
732 2040 914 2116 penetrata
939 2034 1051 2097 lucem
1077 2032 1209 2096 aedibus
1237 2032 1362 2097 solaris

406 2135 562 2218 jaciebat
578 2132 709 2199 radius.
762 2133 985 2212 Patientiam,
998 2132 1090 2217 quod
1098 2134 1135 2197 in
1144 2132 1363 2216 possessione

412 2234 562 2298 coenobii
595 2234 707 2296 sancti
734 2231 922 2316 Augustini
948 2233 1040 2316 apud
1067 2232 1303 2297 cantuariam·
1321 2231 1363 2295 li-

413 2335 535 2420 benter
550 2334 702 2420 venienti
718 2325 894 2397 4Adriano
918 2333 1073 2410 cesserit,
1097 2352 1167 2395 non
1193 2332 1364 2395 reveritus

415 2434 508 2497 beati
542 2432 717 2496 Theodori
748 2432 1000 2517 archiepiscopi
1031 2432 1264 2515 supercilium,
1303 2431 1364 2495 sed

329 2573 332 2578 ·
414 2539 599 2597 veneratus
617 2533 867 2613 magisterium.
921 2531 1037 2610 Quod,
1055 2532 1136 2595 dum
1154 2551 1216 2616 pcr
1232 2531 1364 2595 alienas

415 2639 527 2696 terras
561 2633 708 2696 cursitat
741 2633 801 2695 diu
838 2634 974 2713 absens,
1011 2631 1310 2695 subintroductum
1344 2650 1365 2694 a

359 2790 361 2794 .
415 2732 593 2796 monachis
626 2731 857 2809 WirensibuS,
892 2751 929 2795 se
963 2732 1171 2808 inconsulto,
1205 2733 1366 2795 abbatem

415 2832 667 2915 aequanimiter,
689 2832 794 2895 immo
828 2832 1106 2913 magnanimiter,
1140 2831 1271 2908 tulerit,
1305 2831 1366 2895 do·

415 2952 577 3014 mumque
603 2951 762 2995 reversus
788 2932 933 3013 parilem
958 2932 1010 2995 illi
1035 2930 1199 2995 honorem
1224 2930 1260 2994 in
1286 2951 1367 2994 con-

416 3050 515 3094 sessu
540 3032 576 3095 in
602 3031 695 3094 omni
721 3051 825 3113 porro
851 3037 1025 3114 potestate
1051 3031 1364 3095 communicaverit.

416 3130 512 3209 Quin
524 3137 560 3193 et
570 3131 660 3193 ictus
677 3130 832 3213 paralysi
849 3137 921 3193 tam
938 3130 1053 3195 valide
1070 3137 1110 3194 ut
1125 3130 1212 3194 nihil
1230 3137 1367 3195 artuum

417 3231 449 3292 ei
466 3237 559 3293 esset
576 3229 740 3306 flexibile,
757 3230 898 3294 tertium
913 3231 1145 3307 constituerit,
1161 3230 1253 3313 quod
1267 3231 1367 3307 alter,

417 3329 459 3392 de
478 3348 546 3412 quo
563 3329 727 3406 diximus
746 3329 866 3393 eadem
889 3350 958 3393 non
980 3331 1098 3393 mitius
1121 3329 1369 3412 decoqueretur

396 3428 626 3494 valetudine.
695 3428 852 3512 Cumque
890 3431 1030 3493 morbus
1070 3430 1265 3493 increscens
1293 3429 1369 3513 jam

416 3601 502 3646 return
513 3599 538 3644 to
550 3597 668 3658 England
677 3596 711 3644 he
727 3597 880 3647 obtaineda
904 3591 1024 3665 aarum]
1044 3597 1116 3646 Beda
1126 3601 1205 3646 wrote
1216 3597 1258 3646 the
1270 3597 1333 3646 lives
1344 3597 1373 3646 of
1566 3595 1567 3684 l

416 3667 589 3714 considerable
596 3667 712 3726 quantity
718 3665 747 3714 os
753 3667 814 3715 land
821 3682 882 3716 near
906 3667 1030 3715 Benedict
1040 3667 1135 3728 Biscop
1147 3667 1197 3715 and
1212 3667 1252 3716 his
1270 3681 1370 3716 succes·

416 3735 459 3783 the
469 3736 556 3782 mouth
566 3735 595 3782 of
602 3736 645 3783 the
655 3735 742 3796 Wear,
752 3736 838 3784 where
849 3737 880 3785 he
905 3749 968 3798 sors,
992 3735 1115 3785 Ceolfrith
1133 3737 1183 3785 and
1202 3737 1371 3796 Huaetberht,

416 3803 529 3852 builtthe
538 3809 589 3852 two
598 3805 793 3853 monasteriesof
797 3806 881 3854 which
905 3806 994 3854 abbots
1012 3805 1041 3853 of
1057 3806 1222 3854 Weannouth
1246 3806 1297 3854 and
1312 3808 1372 3856 Jar·

417 3873 448 3922 he
470 3887 526 3921 was
549 3875 634 3923 abbot.
680 3873 722 3922 He
742 3875 802 3922 died
822 3876 880 3924 latu
904 3890 967 3937 rovv,
982 3876 1178 3936 intwobooks;
1194 3876 1373 3938 publishcdby

417 3944 599 4004 Januaryoao.
906 3945 947 3994 Sir
956 3946 1045 3994 James
1056 3946 1169 3994 Warein
1181 3950 1255 4009 1664,
1270 3948 1321 3995 and
1338 3947 1372 4008 by

453 4010 619 4062 ¹Monuateriu
626 4013 715 4061 ibidem
721 4014 881 4078 construxit]
906 4015 954 4065 Dr.
966 4015 1046 4064 Smith
1058 4016 1085 4063 in
1097 4020 1169 4066 1⁷22.

316 4083 318 4088 ’
417 4081 471 4130 The
489 4084 652 4132 monasterias
669 4083 698 4132 ot*
716 4084 881 4133 Wearmouth
941 4080 1075 4152 ³AEeum.]
1099 4087 1146 4146 E.;
1171 4085 1235 4134 after
1253 4085 1374 4150 ‘aevum,'

418 4152 468 4199 and
478 4154 587 4203 Jarrow.
906 4154 939 4203 Δ.
947 4155 975 4204 S.
985 4157 1015 4204 C.
1025 4157 1060 4204 D.
1068 4156 1146 4206 L.M.
1157 4156 1219 4205 read
1229 4156 1238 4184 ‘
1250 4157 1331 4207 talia!

453 4218 655 4285 'illamqua
666 4223 735 4272 Bedu
752 4224 882 4286 conposuit
942 4222 1094 4289 *Adriuiro.]
1112 4226 1159 4275 See
1176 4231 1259 4288 antea,
1279 4231 1336 4278 note
1354 4225 1373 4288 ³,

418 4293 447 4338 dc
458 4292 509 4339 vitu
520 4292 571 4352 qiua
579 4297 602 4340 et
612 4293 759 4356 reliquorum
769 4295 882 4343 abbatum
905 4310 930 4354 p.
944 4299 985 4344 al.
