<?xml version="1.0" encoding="UTF-8"?>
<!DOCTYPE html PUBLIC "-//W3C//DTD XHTML 1.0 Transitional//EN"
    "http://www.w3.org/TR/xhtml1/DTD/xhtml1-transitional.dtd">
<html xmlns="http://www.w3.org/1999/xhtml" xml:lang="en" lang="en">
 <head>
  <title>
</title>
<meta http-equiv="Content-Type" content="text/html;charset=utf-8" />
  <meta name='ocr-system' content='tesseract 3.04.00' />
  <meta name='ocr-capabilities' content='ocr_page ocr_carea ocr_par ocr_line ocrx_word'/>
</head>
<body>
  <div class='ocr_page' id='page_1' title='image "./willelmimalmesb01hardgoog_0260.png"; bbox 0 0 3180 5048; ppageno 0'>
   <div class='ocr_carea' id='block_1_1' title="bbox 440 465 1396 545">
    <p class='ocr_par' dir='ltr' id='par_1_1' title="bbox 440 465 1396 545">
     <span class='ocr_line' id='line_1_1' title="bbox 440 465 1396 545; baseline -0.002 -15"><span class='ocrx_word' id='word_1_1' title='bbox 440 465 506 530; x_wconf 74' lang='lat'>246</span> <span class='ocrx_word' id='word_1_2' title='bbox 659 478 774 526; x_wconf 77' lang='lat' dir='ltr'>essm</span> <span class='ocrx_word' id='word_1_3' title='bbox 793 477 921 524; x_wconf 80' lang='lat' dir='ltr'>ancum</span> <span class='ocrx_word' id='word_1_4' title='bbox 945 477 1163 524; x_wconf 74' lang='lat' dir='ltr'>ancnoncn.</span> <span class='ocrx_word' id='word_1_5' title='bbox 1253 465 1340 545; x_wconf 79' lang='lat' dir='ltr'>[crs.</span> <span class='ocrx_word' id='word_1_6' title='bbox 1357 483 1396 528; x_wconf 91' lang='lat'>11.</span> 
     </span>
    </p>
   </div>
   <div class='ocr_carea' id='block_1_2' title="bbox 288 633 1456 3796">
    <p class='ocr_par' dir='ltr' id='par_1_2' title="bbox 440 633 1399 1018">
     <span class='ocr_line' id='line_1_2' title="bbox 443 633 1397 723; baseline -0.002 -21"><span class='ocrx_word' id='word_1_7' title='bbox 443 637 623 719; x_wconf 82' lang='lat' dir='ltr'>dignitatis</span> <span class='ocrx_word' id='word_1_8' title='bbox 649 636 759 723; x_wconf 81' lang='lat' dir='ltr'>viroS,</span> <span class='ocrx_word' id='word_1_9' title='bbox 779 635 840 718; x_wconf 92' lang='lat' dir='ltr'>qui</span> <span class='ocrx_word' id='word_1_10' title='bbox 864 633 1077 716; x_wconf 82' lang='lat' dir='ltr'>praefuerunt</span> <span class='ocrx_word' id='word_1_11' title='bbox 1103 633 1213 698; x_wconf 89' lang='lat' dir='ltr'>eidem</span> <span class='ocrx_word' id='word_1_12' title='bbox 1239 636 1397 713; x_wconf 89' lang='lat' dir='ltr'>concilio,</span> 
     </span>
     <span class='ocr_line' id='line_1_3' title="bbox 446 731 1397 816; baseline -0.004 -14"><span class='ocrx_word' id='word_1_13' title='bbox 446 737 648 802; x_wconf 88' lang='lat' dir='ltr'>confirmare</span> <span class='ocrx_word' id='word_1_14' title='bbox 669 736 762 813; x_wconf 87' lang='lat' dir='ltr'>fecit,</span> <span class='ocrx_word' id='word_1_15' title='bbox 780 753 914 798; x_wconf 85' lang='lat' dir='ltr'>necnon</span> <span class='ocrx_word' id='word_1_16' title='bbox 937 734 1120 816; x_wconf 86' lang='lat' dir='ltr'>epistolam</span> <span class='ocrx_word' id='word_1_17' title='bbox 1142 731 1286 799; x_wconf 82' lang='lat' dir='ltr'>Alurico</span> <span class='ocrx_word' id='word_1_18' title='bbox 1307 735 1397 812; x_wconf 91' lang='lat' dir='ltr'>duci,</span> 
     </span>
     <span class='ocr_line' id='line_1_4' title="bbox 440 834 1399 920; baseline -0.008 -14"><span class='ocrx_word' id='word_1_19' title='bbox 440 836 628 920; x_wconf 65' lang='lat' dir='ltr'>,praefatam</span> <span class='ocrx_word' id='word_1_20' title='bbox 642 836 822 900; x_wconf 87' lang='lat' dir='ltr'>ecclesiam</span> <span class='ocrx_word' id='word_1_21' title='bbox 839 834 992 916; x_wconf 78' lang='lat' dir='ltr'>graviter</span> <span class='ocrx_word' id='word_1_22' title='bbox 1005 837 1237 916; x_wconf 83' lang='lat' dir='ltr'>persequenti,</span> <span class='ocrx_word' id='word_1_23' title='bbox 1252 841 1399 916; x_wconf 90' lang='lat' dir='ltr'>paterna</span> 
     </span>
     <span class='ocr_line' id='line_1_5' title="bbox 446 933 1123 1018; baseline -0.004 -19"><span class='ocrx_word' id='word_1_24' title='bbox 446 943 562 1000; x_wconf 90' lang='lat' dir='ltr'>motus</span> <span class='ocrx_word' id='word_1_25' title='bbox 578 937 707 1018; x_wconf 86' lang='lat' dir='ltr'>pietate</span> <span class='ocrx_word' id='word_1_26' title='bbox 721 936 758 999; x_wconf 93' lang='lat' dir='ltr'>in</span> <span class='ocrx_word' id='word_1_27' title='bbox 772 934 847 997; x_wconf 87' lang='lat' dir='ltr'>haec</span> <span class='ocrx_word' id='word_1_28' title='bbox 861 933 969 997; x_wconf 87' lang='lat' dir='ltr'>verba</span> <span class='ocrx_word' id='word_1_29' title='bbox 985 933 1123 996; x_wconf 86' lang='lat' dir='ltr'>direxit.</span> 
     </span>
    </p>

    <p class='ocr_par' dir='ltr' id='par_1_3' title="bbox 289 1032 1398 1119">
     <span class='ocr_line' id='line_1_6' title="bbox 289 1032 1398 1119; baseline -0.007 -15"><span class='ocrx_word' id='word_1_30' title='bbox 289 1063 405 1115; x_wconf 64' lang='lat' dir='ltr'>nonan</span> <span class='ocrx_word' id='word_1_31' title='bbox 445 1085 450 1093; x_wconf 81' lang='lat'>.</span> <span class='ocrx_word' id='word_1_32' title='bbox 500 1035 610 1119; x_wconf 68' lang='lat'>5151.</span> <span class='ocrx_word' id='word_1_33' title='bbox 634 1032 685 1098; x_wconf 89' lang='lat' dir='ltr'>‘J</span> <span class='ocrx_word' id='word_1_34' title='bbox 688 1034 841 1098; x_wconf 87' lang='lat' dir='ltr'>ohannes</span> <span class='ocrx_word' id='word_1_35' title='bbox 866 1033 1060 1115; x_wconf 90' lang='lat' dir='ltr'>episcopus,</span> <span class='ocrx_word' id='word_1_36' title='bbox 1074 1051 1195 1096; x_wconf 86' lang='lat' dir='ltr'>servus</span> <span class='ocrx_word' id='word_1_37' title='bbox 1221 1051 1398 1097; x_wconf 90' lang='lat' dir='ltr'>servorum</span> 
     </span>
    </p>

    <p class='ocr_par' dir='ltr' id='par_1_4' title="bbox 288 1113 1456 3796">
     <span class='ocr_line' id='line_1_7' title="bbox 288 1113 1398 1212; baseline -0.003 -13"><span class='ocrx_word' id='word_1_38' title='bbox 288 1113 411 1204; x_wconf 66' lang='lat' dir='ltr'>P⁰⁹⁰.³⁰¹¹¹²</span> <span class='ocrx_word' id='word_1_39' title='bbox 448 1136 529 1212; x_wconf 86' lang='lat' dir='ltr'>Dei,</span> <span class='ocrx_word' id='word_1_40' title='bbox 543 1133 686 1198; x_wconf 89' lang='lat' dir='ltr'>Alurico</span> <span class='ocrx_word' id='word_1_41' title='bbox 699 1133 819 1197; x_wconf 91' lang='lat' dir='ltr'>inclito</span> <span class='ocrx_word' id='word_1_42' title='bbox 834 1132 925 1210; x_wconf 93' lang='lat' dir='ltr'>duci,</span> <span class='ocrx_word' id='word_1_43' title='bbox 940 1131 1177 1195; x_wconf 87' lang='lat' dir='ltr'>amantissimo</span> <span class='ocrx_word' id='word_1_44' title='bbox 1194 1131 1264 1195; x_wconf 86' lang='lat' dir='ltr'>filio</span> <span class='ocrx_word' id='word_1_45' title='bbox 1278 1140 1398 1196; x_wconf 89' lang='lat' dir='ltr'>nostro</span> 
     </span>
     <span class='ocr_line' id='line_1_8' title="bbox 448 1230 1398 1318; baseline -0.003 -20"><span class='ocrx_word' id='word_1_46' title='bbox 448 1234 633 1318; x_wconf 83' lang='lat' dir='ltr'><strong>spirituali,</strong></span> <span class='ocrx_word' id='word_1_47' title='bbox 644 1233 792 1297; x_wconf 90' lang='lat' dir='ltr'>salutem</span> <span class='ocrx_word' id='word_1_48' title='bbox 802 1232 1001 1296; x_wconf 90' lang='lat' dir='ltr'>continuam</span> <span class='ocrx_word' id='word_1_49' title='bbox 1014 1239 1050 1293; x_wconf 89' lang='lat' dir='ltr'>et</span> <span class='ocrx_word' id='word_1_50' title='bbox 1061 1230 1287 1313; x_wconf 90' lang='lat' dir='ltr'>apostolicam</span> <span class='ocrx_word' id='word_1_51' title='bbox 1296 1231 1398 1295; x_wconf 89' lang='lat' dir='ltr'>bene-</span> 
     </span>
     <span class='ocr_line' id='line_1_9' title="bbox 449 1329 1398 1413; baseline -0.006 -14"><span class='ocrx_word' id='word_1_52' title='bbox 449 1335 645 1400; x_wconf 87' lang='lat' dir='ltr'>dictionem.</span> <span class='ocrx_word' id='word_1_53' title='bbox 699 1331 883 1396; x_wconf 88' lang='lat' dir='ltr'>Relatione</span> <span class='ocrx_word' id='word_1_54' title='bbox 901 1329 1116 1413; x_wconf 91' lang='lat' dir='ltr'>quorundam</span> <span class='ocrx_word' id='word_1_55' title='bbox 1131 1330 1282 1394; x_wconf 88' lang='lat' dir='ltr'>fidelium</span> <span class='ocrx_word' id='word_1_56' title='bbox 1305 1350 1398 1395; x_wconf 90' lang='lat' dir='ltr'>com-</span> 
     </span>
     <span class='ocr_line' id='line_1_10' title="bbox 449 1418 1398 1516; baseline -0.003 -19"><span class='ocrx_word' id='word_1_57' title='bbox 449 1435 600 1516; x_wconf 83' lang='lat' dir='ltr'>perimus</span> <span class='ocrx_word' id='word_1_58' title='bbox 616 1440 650 1497; x_wconf 88' lang='lat' dir='ltr'>te</span> <span class='ocrx_word' id='word_1_59' title='bbox 665 1432 814 1513; x_wconf 90' lang='lat' dir='ltr'>plurima</span> <span class='ocrx_word' id='word_1_60' title='bbox 829 1449 932 1513; x_wconf 85' lang='lat' dir='ltr'>agere</span> <span class='ocrx_word' id='word_1_61' title='bbox 947 1430 1040 1492; x_wconf 87' lang='lat' dir='ltr'>mala</span> <span class='ocrx_word' id='word_1_62' title='bbox 1056 1418 1093 1492; x_wconf 89' lang='lat' dir='ltr'>in</span> <span class='ocrx_word' id='word_1_63' title='bbox 1109 1429 1255 1493; x_wconf 88' lang='lat' dir='ltr'>ecclesia</span> <span class='ocrx_word' id='word_1_64' title='bbox 1268 1439 1398 1494; x_wconf 86' lang='lat' dir='ltr'>sanctae</span> 
     </span>
     <span class='ocr_line' id='line_1_11' title="bbox 448 1529 1398 1614; baseline -0.004 -18"><span class='ocrx_word' id='word_1_65' title='bbox 448 1533 518 1596; x_wconf 83' lang='lat' dir='ltr'>Dei</span> <span class='ocrx_word' id='word_1_66' title='bbox 556 1531 732 1614; x_wconf 83' lang='lat' dir='ltr'>genitricis</span> <span class='ocrx_word' id='word_1_67' title='bbox 768 1530 904 1606; x_wconf 83' lang='lat' dir='ltr'>Mariae,</span> <span class='ocrx_word' id='word_1_68' title='bbox 931 1548 1009 1611; x_wconf 86' lang='lat' dir='ltr'>quae</span> <span class='ocrx_word' id='word_1_69' title='bbox 1042 1535 1262 1610; x_wconf 87' lang='lat' dir='ltr'>nuncupatur</span> <span class='ocrx_word' id='word_1_70' title='bbox 1294 1529 1398 1594; x_wconf 86' lang='lat' dir='ltr'>Glas-</span> 
     </span>
     <span class='ocr_line' id='line_1_12' title="bbox 449 1621 1456 1714; baseline 0 -20"><span class='ocrx_word' id='word_1_71' title='bbox 449 1630 648 1714; x_wconf 79' lang='lat' dir='ltr'>tingaburh,</span> <span class='ocrx_word' id='word_1_72' title='bbox 671 1650 750 1713; x_wconf 81' lang='lat' dir='ltr'>quea</span> <span class='ocrx_word' id='word_1_73' title='bbox 782 1629 890 1694; x_wconf 90' lang='lat' dir='ltr'>totius</span> <span class='ocrx_word' id='word_1_74' title='bbox 916 1621 1125 1692; x_wconf 86' lang='lat' dir='ltr'>¹Britanniae</span> <span class='ocrx_word' id='word_1_75' title='bbox 1149 1629 1272 1710; x_wconf 88' lang='lat' dir='ltr'>prima,</span> <span class='ocrx_word' id='word_1_76' title='bbox 1298 1636 1333 1693; x_wconf 94' lang='lat' dir='ltr'>et</span> <span class='ocrx_word' id='word_1_77' title='bbox 1356 1632 1399 1694; x_wconf 88' lang='lat' dir='ltr'>ab</span> <span class='ocrx_word' id='word_1_78' title='bbox 1449 1669 1456 1682; x_wconf 38' lang='grc' dir='ltr'><strong>κ</strong></span> 
     </span>
     <span class='ocr_line' id='line_1_13' title="bbox 450 1727 1400 1813; baseline -0.002 -18"><span class='ocrx_word' id='word_1_79' title='bbox 450 1733 602 1813; x_wconf 82' lang='lat' dir='ltr'>antiquis</span> <span class='ocrx_word' id='word_1_80' title='bbox 627 1729 832 1813; x_wconf 90' lang='lat' dir='ltr'>primoribus</span> <span class='ocrx_word' id='word_1_81' title='bbox 856 1727 900 1791; x_wconf 94' lang='lat' dir='ltr'>ad</span> <span class='ocrx_word' id='word_1_82' title='bbox 923 1729 1171 1810; x_wconf 84' lang='lat' dir='ltr'>proprietatem</span> <span class='ocrx_word' id='word_1_83' title='bbox 1196 1735 1232 1791; x_wconf 89' lang='lat' dir='ltr'>et</span> <span class='ocrx_word' id='word_1_84' title='bbox 1255 1730 1400 1793; x_wconf 88' lang='lat' dir='ltr'>tutelam</span> 
     </span>
     <span class='ocr_line' id='line_1_14' title="bbox 451 1827 1400 1912; baseline -0.002 -18"><span class='ocrx_word' id='word_1_85' title='bbox 451 1831 602 1905; x_wconf 78' lang='lat' dir='ltr'>Romani</span> <span class='ocrx_word' id='word_1_86' title='bbox 615 1829 789 1912; x_wconf 88' lang='lat' dir='ltr'>pontificis</span> <span class='ocrx_word' id='word_1_87' title='bbox 804 1827 975 1911; x_wconf 86' lang='lat' dir='ltr'>pertinere</span> <span class='ocrx_word' id='word_1_88' title='bbox 991 1827 1192 1904; x_wconf 81' lang='lat' dir='ltr'>dinoscitur,</span> <span class='ocrx_word' id='word_1_89' title='bbox 1209 1834 1245 1892; x_wconf 88' lang='lat' dir='ltr'>et</span> <span class='ocrx_word' id='word_1_90' title='bbox 1258 1829 1400 1911; x_wconf 86' lang='lat' dir='ltr'>praedia,</span> 
     </span>
     <span class='ocr_line' id='line_1_15' title="bbox 450 1920 1400 2007; baseline -0.002 -13"><span class='ocrx_word' id='word_1_91' title='bbox 450 1949 493 2002; x_wconf 83' lang='lat' dir='ltr'>ac</span> <span class='ocrx_word' id='word_1_92' title='bbox 507 1930 621 2007; x_wconf 86' lang='lat' dir='ltr'>villas,</span> <span class='ocrx_word' id='word_1_93' title='bbox 636 1929 696 1992; x_wconf 87' lang='lat' dir='ltr'>sed</span> <span class='ocrx_word' id='word_1_94' title='bbox 712 1934 747 1992; x_wconf 89' lang='lat' dir='ltr'>et</span> <span class='ocrx_word' id='word_1_95' title='bbox 767 1927 930 1990; x_wconf 88' lang='lat' dir='ltr'>ecclesias</span> <span class='ocrx_word' id='word_1_96' title='bbox 948 1926 990 1990; x_wconf 89' lang='lat' dir='ltr'>de</span> <span class='ocrx_word' id='word_1_97' title='bbox 1007 1928 1148 2003; x_wconf 89' lang='lat' dir='ltr'>Brente,</span> <span class='ocrx_word' id='word_1_98' title='bbox 1171 1926 1214 1990; x_wconf 88' lang='lat' dir='ltr'>de</span> <span class='ocrx_word' id='word_1_99' title='bbox 1230 1920 1400 2007; x_wconf 77' lang='lat' dir='ltr'>²Piltune,</span> 
     </span>
     <span class='ocr_line' id='line_1_16' title="bbox 451 2019 1401 2113; baseline 0 -20"><span class='ocrx_word' id='word_1_100' title='bbox 451 2049 552 2113; x_wconf 88' lang='lat' dir='ltr'>quas,</span> <span class='ocrx_word' id='word_1_101' title='bbox 568 2028 634 2092; x_wconf 89' lang='lat' dir='ltr'>Ina</span> <span class='ocrx_word' id='word_1_102' title='bbox 654 2027 736 2108; x_wconf 85' lang='lat' dir='ltr'>rege</span> <span class='ocrx_word' id='word_1_103' title='bbox 759 2027 863 2090; x_wconf 87' lang='lat' dir='ltr'>dante</span> <span class='ocrx_word' id='word_1_104' title='bbox 887 2045 1040 2109; x_wconf 83' lang='lat' dir='ltr'>operam,</span> <span class='ocrx_word' id='word_1_105' title='bbox 1062 2045 1141 2090; x_wconf 91' lang='lat' dir='ltr'>cum</span> <span class='ocrx_word' id='word_1_106' title='bbox 1155 2026 1233 2090; x_wconf 90' lang='lat' dir='ltr'>aliis</span> <span class='ocrx_word' id='word_1_107' title='bbox 1247 2019 1401 2093; x_wconf 89' lang='lat' dir='ltr'>ecclesiis</span> 
     </span>
     <span class='ocr_line' id='line_1_17' title="bbox 450 2121 1399 2211; baseline 0 -20"><span class='ocrx_word' id='word_1_108' title='bbox 450 2146 539 2211; x_wconf 89' lang='lat' dir='ltr'>quas</span> <span class='ocrx_word' id='word_1_109' title='bbox 554 2121 664 2211; x_wconf 78' lang='lat' dir='ltr'>³juste</span> <span class='ocrx_word' id='word_1_110' title='bbox 679 2135 715 2190; x_wconf 91' lang='lat' dir='ltr'>et</span> <span class='ocrx_word' id='word_1_111' title='bbox 727 2127 891 2190; x_wconf 90' lang='lat' dir='ltr'>canonice</span> <span class='ocrx_word' id='word_1_112' title='bbox 913 2126 1078 2207; x_wconf 89' lang='lat' dir='ltr'>possidet,</span> <span class='ocrx_word' id='word_1_113' title='bbox 1092 2125 1235 2204; x_wconf 88' lang='lat' dir='ltr'>scilicet,</span> <span class='ocrx_word' id='word_1_114' title='bbox 1255 2128 1399 2206; x_wconf 87' lang='lat' dir='ltr'>Soweie,</span> 
     </span>
     <span class='ocr_line' id='line_1_18' title="bbox 449 2223 1401 2312; baseline 0.001 -22"><span class='ocrx_word' id='word_1_115' title='bbox 449 2227 558 2302; x_wconf 77' lang='lat' dir='ltr'>stret,</span> <span class='ocrx_word' id='word_1_116' title='bbox 575 2224 735 2302; x_wconf 85' lang='lat' dir='ltr'>Merlinc,</span> <span class='ocrx_word' id='word_1_117' title='bbox 759 2223 928 2302; x_wconf 87' lang='lat' dir='ltr'>Budecal,</span> <span class='ocrx_word' id='word_1_118' title='bbox 954 2225 1129 2310; x_wconf 88' lang='lat' dir='ltr'>Sapepice,</span> <span class='ocrx_word' id='word_1_119' title='bbox 1154 2227 1198 2289; x_wconf 90' lang='lat' dir='ltr'>ab</span> <span class='ocrx_word' id='word_1_120' title='bbox 1225 2227 1316 2310; x_wconf 46' lang='lat' dir='ltr'>ejus.</span> <span class='ocrx_word' id='word_1_121' title='bbox 1321 2229 1401 2312; x_wconf 88' lang='lat' dir='ltr'>jure</span> 
     </span>
     <span class='ocr_line' id='line_1_19' title="bbox 450 2325 1401 2409; baseline 0.001 -19"><span class='ocrx_word' id='word_1_122' title='bbox 450 2334 514 2390; x_wconf 89' lang='lat' dir='ltr'>tua</span> <span class='ocrx_word' id='word_1_123' title='bbox 537 2325 641 2390; x_wconf 83' lang='lat' dir='ltr'>avida</span> <span class='ocrx_word' id='word_1_124' title='bbox 663 2325 852 2409; x_wconf 87' lang='lat' dir='ltr'>cupiditate</span> <span class='ocrx_word' id='word_1_125' title='bbox 876 2325 1080 2407; x_wconf 89' lang='lat' dir='ltr'>diripuisse;</span> <span class='ocrx_word' id='word_1_126' title='bbox 1104 2334 1140 2388; x_wconf 87' lang='lat' dir='ltr'>et</span> <span class='ocrx_word' id='word_1_127' title='bbox 1154 2333 1295 2409; x_wconf 89' lang='lat' dir='ltr'>propter</span> <span class='ocrx_word' id='word_1_128' title='bbox 1308 2328 1401 2409; x_wconf 93' lang='lat' dir='ltr'>quod</span> 
     </span>
     <span class='ocr_line' id='line_1_20' title="bbox 449 2419 1402 2508; baseline 0.002 -20"><span class='ocrx_word' id='word_1_129' title='bbox 449 2425 563 2489; x_wconf 87' lang='lat' dir='ltr'>eidem</span> <span class='ocrx_word' id='word_1_130' title='bbox 580 2425 656 2490; x_wconf 92' lang='lat' dir='ltr'>loco</span> <span class='ocrx_word' id='word_1_131' title='bbox 669 2419 913 2508; x_wconf 80' lang='lat' dir='ltr'>⁴propinquam</span> <span class='ocrx_word' id='word_1_132' title='bbox 927 2425 1071 2488; x_wconf 88' lang='lat' dir='ltr'>haberes</span> <span class='ocrx_word' id='word_1_133' title='bbox 1087 2425 1336 2490; x_wconf 83' lang='lat' dir='ltr'>habitationem</span> <span class='ocrx_word' id='word_1_134' title='bbox 1350 2427 1402 2490; x_wconf 91' lang='lat' dir='ltr'>illi</span> 
     </span>
     <span class='ocr_line' id='line_1_21' title="bbox 449 2522 1402 2607; baseline 0.002 -19"><span class='ocrx_word' id='word_1_135' title='bbox 449 2544 587 2607; x_wconf 87' lang='lat' dir='ltr'>semper</span> <span class='ocrx_word' id='word_1_136' title='bbox 611 2544 760 2589; x_wconf 92' lang='lat' dir='ltr'>nocuum</span> <span class='ocrx_word' id='word_1_137' title='bbox 784 2543 870 2589; x_wconf 88' lang='lat' dir='ltr'>esse.</span> <span class='ocrx_word' id='word_1_138' title='bbox 928 2522 1146 2605; x_wconf 86' lang='lat' dir='ltr'>Oportunum</span> <span class='ocrx_word' id='word_1_139' title='bbox 1170 2532 1286 2588; x_wconf 88' lang='lat' dir='ltr'>autem</span> <span class='ocrx_word' id='word_1_140' title='bbox 1312 2527 1402 2590; x_wconf 88' lang='lat' dir='ltr'>exti-</span> 
     </span>
     <span class='ocr_line' id='line_1_22' title="bbox 451 2623 1401 2704; baseline 0.001 -16"><span class='ocrx_word' id='word_1_141' title='bbox 451 2631 544 2688; x_wconf 82' lang='lat' dir='ltr'>terat</span> <span class='ocrx_word' id='word_1_142' title='bbox 569 2630 609 2688; x_wconf 88' lang='lat' dir='ltr'>ut</span> <span class='ocrx_word' id='word_1_143' title='bbox 632 2631 694 2688; x_wconf 89' lang='lat' dir='ltr'>tuo</span> <span class='ocrx_word' id='word_1_144' title='bbox 718 2623 883 2704; x_wconf 82' lang='lat' dir='ltr'>suffragio</span> <span class='ocrx_word' id='word_1_145' title='bbox 915 2629 1037 2687; x_wconf 87' lang='lat' dir='ltr'>sancta</span> <span class='ocrx_word' id='word_1_146' title='bbox 1062 2623 1131 2687; x_wconf 89' lang='lat' dir='ltr'>Dei</span> <span class='ocrx_word' id='word_1_147' title='bbox 1159 2625 1316 2703; x_wconf 88' lang='lat' dir='ltr'>ecclesia,</span> <span class='ocrx_word' id='word_1_148' title='bbox 1345 2628 1401 2690; x_wconf 93' lang='lat' dir='ltr'>cui</span> 
     </span>
     <span class='ocr_line' id='line_1_23' title="bbox 450 2722 1401 2807; baseline 0.002 -21"><span class='ocrx_word' id='word_1_149' title='bbox 450 2723 665 2807; x_wconf 88' lang='lat' dir='ltr'>propinquus</span> <span class='ocrx_word' id='word_1_150' title='bbox 689 2723 878 2787; x_wconf 85' lang='lat' dir='ltr'>habitando</span> <span class='ocrx_word' id='word_1_151' title='bbox 899 2722 1040 2786; x_wconf 88' lang='lat' dir='ltr'>effectus</span> <span class='ocrx_word' id='word_1_152' title='bbox 1074 2742 1122 2800; x_wconf 92' lang='lat' dir='ltr'>es,</span> <span class='ocrx_word' id='word_1_153' title='bbox 1154 2725 1401 2806; x_wconf 86' lang='lat' dir='ltr'>perplurimum</span> 
     </span>
     <span class='ocr_line' id='line_1_24' title="bbox 449 2820 1400 2905; baseline 0.003 -19"><span class='ocrx_word' id='word_1_154' title='bbox 449 2831 675 2900; x_wconf 86' lang='lat' dir='ltr'>accresceret,</span> <span class='ocrx_word' id='word_1_155' title='bbox 699 2831 735 2886; x_wconf 89' lang='lat' dir='ltr'>et</span> <span class='ocrx_word' id='word_1_156' title='bbox 758 2823 859 2904; x_wconf 90' lang='lat' dir='ltr'>copia</span> <span class='ocrx_word' id='word_1_157' title='bbox 875 2822 926 2886; x_wconf 94' lang='lat' dir='ltr'>tui</span> <span class='ocrx_word' id='word_1_158' title='bbox 948 2820 1111 2904; x_wconf 87' lang='lat' dir='ltr'>adjutorii</span> <span class='ocrx_word' id='word_1_159' title='bbox 1131 2825 1400 2905; x_wconf 87' lang='lat' dir='ltr'>proprietatibus</span> 
     </span>
     <span class='ocr_line' id='line_1_25' title="bbox 453 2920 1401 3003; baseline 0.004 -18"><span class='ocrx_word' id='word_1_160' title='bbox 453 2923 641 3001; x_wconf 86' lang='lat' dir='ltr'>ditaretur;</span> <span class='ocrx_word' id='word_1_161' title='bbox 682 2921 755 2998; x_wconf 91' lang='lat' dir='ltr'>sed,</span> <span class='ocrx_word' id='word_1_162' title='bbox 790 2921 883 3003; x_wconf 92' lang='lat' dir='ltr'>quod</span> <span class='ocrx_word' id='word_1_163' title='bbox 914 2920 1011 2984; x_wconf 79' lang='lat' dir='ltr'>nefas</span> <span class='ocrx_word' id='word_1_164' title='bbox 1041 2927 1106 2997; x_wconf 89' lang='lat' dir='ltr'>est,</span> <span class='ocrx_word' id='word_1_165' title='bbox 1135 2928 1196 2984; x_wconf 92' lang='lat' dir='ltr'>tuo</span> <span class='ocrx_word' id='word_1_166' title='bbox 1234 2922 1401 2989; x_wconf 88' lang='lat' dir='ltr'>decrescit</span> 
     </span>
     <span class='ocr_line' id='line_1_26' title="bbox 451 3019 1401 3103; baseline 0.005 -20"><span class='ocrx_word' id='word_1_167' title='bbox 451 3021 708 3102; x_wconf 88' lang='lat' dir='ltr'>impedimento,</span> <span class='ocrx_word' id='word_1_168' title='bbox 731 3027 860 3101; x_wconf 87' lang='lat' dir='ltr'>tuaque</span> <span class='ocrx_word' id='word_1_169' title='bbox 878 3019 1078 3084; x_wconf 86' lang='lat' dir='ltr'>humiliatur</span> <span class='ocrx_word' id='word_1_170' title='bbox 1095 3021 1338 3103; x_wconf 86' lang='lat' dir='ltr'>oppressione:</span> <span class='ocrx_word' id='word_1_171' title='bbox 1365 3031 1401 3088; x_wconf 87' lang='lat' dir='ltr'>et</span> 
     </span>
     <span class='ocr_line' id='line_1_27' title="bbox 451 3118 1401 3203; baseline 0.007 -22"><span class='ocrx_word' id='word_1_172' title='bbox 451 3121 548 3201; x_wconf 89' lang='lat' dir='ltr'>quia,</span> <span class='ocrx_word' id='word_1_173' title='bbox 572 3119 654 3182; x_wconf 91' lang='lat' dir='ltr'>licet</span> <span class='ocrx_word' id='word_1_174' title='bbox 669 3118 816 3199; x_wconf 82' lang='lat' dir='ltr'>indigni,</span> <span class='ocrx_word' id='word_1_175' title='bbox 831 3138 910 3203; x_wconf 88' lang='lat' dir='ltr'>non</span> <span class='ocrx_word' id='word_1_176' title='bbox 930 3119 1128 3184; x_wconf 89' lang='lat' dir='ltr'>dubitamus</span> <span class='ocrx_word' id='word_1_177' title='bbox 1158 3139 1221 3184; x_wconf 92' lang='lat' dir='ltr'>nos</span> <span class='ocrx_word' id='word_1_178' title='bbox 1249 3141 1272 3184; x_wconf 91' lang='lat' dir='ltr'>a</span> <span class='ocrx_word' id='word_1_179' title='bbox 1298 3123 1401 3188; x_wconf 89' lang='lat' dir='ltr'>beato</span> 
     </span>
     <span class='ocr_line' id='line_1_28' title="bbox 453 3217 1400 3300; baseline 0.007 -20"><span class='ocrx_word' id='word_1_180' title='bbox 453 3217 560 3281; x_wconf 88' lang='lat' dir='ltr'>Petro</span> <span class='ocrx_word' id='word_1_181' title='bbox 582 3217 741 3300; x_wconf 86' lang='lat' dir='ltr'>apostolo</span> <span class='ocrx_word' id='word_1_182' title='bbox 763 3217 914 3282; x_wconf 90' lang='lat' dir='ltr'>omnium</span> <span class='ocrx_word' id='word_1_183' title='bbox 939 3218 1161 3282; x_wconf 90' lang='lat' dir='ltr'>ecclesiarum</span> <span class='ocrx_word' id='word_1_184' title='bbox 1184 3239 1302 3284; x_wconf 90' lang='lat' dir='ltr'>curam</span> <span class='ocrx_word' id='word_1_185' title='bbox 1328 3243 1400 3287; x_wconf 91' lang='lat' dir='ltr'>om·</span> 
     </span>
     <span class='ocr_line' id='line_1_29' title="bbox 452 3313 1400 3400; baseline 0.004 -18"><span class='ocrx_word' id='word_1_186' title='bbox 452 3317 615 3398; x_wconf 90' lang='lat' dir='ltr'>niumque</span> <span class='ocrx_word' id='word_1_187' title='bbox 632 3317 823 3400; x_wconf 89' lang='lat' dir='ltr'>suscepisse</span> <span class='ocrx_word' id='word_1_188' title='bbox 837 3317 1101 3395; x_wconf 89' lang='lat' dir='ltr'>solicitudinem,</span> <span class='ocrx_word' id='word_1_189' title='bbox 1116 3313 1210 3382; x_wconf 85' lang='lat' dir='ltr'>⁵idco</span> <span class='ocrx_word' id='word_1_190' title='bbox 1228 3326 1323 3384; x_wconf 89' lang='lat' dir='ltr'>tuam</span> <span class='ocrx_word' id='word_1_191' title='bbox 1339 3322 1400 3386; x_wconf 91' lang='lat' dir='ltr'>ad·</span> 
     </span>
     <span class='ocr_line' id='line_1_30' title="bbox 451 3416 1402 3501; baseline 0.006 -22"><span class='ocrx_word' id='word_1_192' title='bbox 451 3436 630 3480; x_wconf 91' lang='lat' dir='ltr'>monemus</span> <span class='ocrx_word' id='word_1_193' title='bbox 644 3416 862 3481; x_wconf 84' lang='lat' dir='ltr'>dilectionem</span> <span class='ocrx_word' id='word_1_194' title='bbox 878 3425 928 3494; x_wconf 90' lang='lat' dir='ltr'>ut,</span> <span class='ocrx_word' id='word_1_195' title='bbox 948 3437 1011 3499; x_wconf 93' lang='lat' dir='ltr'>pro</span> <span class='ocrx_word' id='word_1_196' title='bbox 1029 3436 1145 3481; x_wconf 88' lang='lat' dir='ltr'>amore</span> <span class='ocrx_word' id='word_1_197' title='bbox 1167 3421 1402 3501; x_wconf 87' lang='lat' dir='ltr'>apostolorum</span> 
     </span>
     <span class='ocr_line' id='line_1_31' title="bbox 453 3515 1402 3602; baseline 0.007 -24"><span class='ocrx_word' id='word_1_198' title='bbox 453 3515 550 3580; x_wconf 87' lang='lat' dir='ltr'>Petri</span> <span class='ocrx_word' id='word_1_199' title='bbox 576 3524 612 3580; x_wconf 91' lang='lat' dir='ltr'>et</span> <span class='ocrx_word' id='word_1_200' title='bbox 631 3515 734 3580; x_wconf 90' lang='lat' dir='ltr'>Pauli</span> <span class='ocrx_word' id='word_1_201' title='bbox 751 3523 938 3599; x_wconf 89' lang='lat' dir='ltr'>nostraque</span> <span class='ocrx_word' id='word_1_202' title='bbox 961 3517 1196 3596; x_wconf 87' lang='lat' dir='ltr'>veneratione,</span> <span class='ocrx_word' id='word_1_203' title='bbox 1224 3521 1267 3582; x_wconf 89' lang='lat' dir='ltr'>ab</span> <span class='ocrx_word' id='word_1_204' title='bbox 1294 3521 1402 3602; x_wconf 92' lang='lat' dir='ltr'>ipsius</span> 
     </span>
     <span class='ocr_line' id='line_1_32' title="bbox 451 3615 1402 3699; baseline 0.006 -21"><span class='ocrx_word' id='word_1_205' title='bbox 451 3615 520 3679; x_wconf 90' lang='lat' dir='ltr'>loci</span> <span class='ocrx_word' id='word_1_206' title='bbox 536 3635 649 3680; x_wconf 88' lang='lat' dir='ltr'>cesses</span> <span class='ocrx_word' id='word_1_207' title='bbox 663 3615 867 3698; x_wconf 89' lang='lat' dir='ltr'>direptione,</span> <span class='ocrx_word' id='word_1_208' title='bbox 886 3616 935 3678; x_wconf 91' lang='lat' dir='ltr'>nil</span> <span class='ocrx_word' id='word_1_209' title='bbox 957 3617 1000 3679; x_wconf 91' lang='lat' dir='ltr'>de</span> <span class='ocrx_word' id='word_1_210' title='bbox 1022 3616 1098 3699; x_wconf 89' lang='lat' dir='ltr'>ejus</span> <span class='ocrx_word' id='word_1_211' title='bbox 1120 3618 1402 3699; x_wconf 87' lang='lat' dir='ltr'>proprietatibus,</span> 
     </span>
     <span class='ocr_line' id='line_1_33' title="bbox 453 3715 1401 3796; baseline 0.005 -18"><span class='ocrx_word' id='word_1_212' title='bbox 453 3715 619 3792; x_wconf 88' lang='lat' dir='ltr'>ecclesiis,</span> <span class='ocrx_word' id='word_1_213' title='bbox 656 3715 810 3796; x_wconf 89' lang='lat' dir='ltr'>capellis,</span> <span class='ocrx_word' id='word_1_214' title='bbox 844 3715 937 3779; x_wconf 84' lang='lat' dir='ltr'>villis</span> <span class='ocrx_word' id='word_1_215' title='bbox 974 3723 1010 3779; x_wconf 89' lang='lat' dir='ltr'>et</span> <span class='ocrx_word' id='word_1_216' title='bbox 1046 3717 1320 3796; x_wconf 90' lang='lat' dir='ltr'>possessionibus</span> <span class='ocrx_word' id='word_1_217' title='bbox 1348 3721 1401 3783; x_wconf 93' lang='lat' dir='ltr'>in·</span> 
     </span>
    </p>
   </div>
   <div class='ocr_carea' id='block_1_3' title="bbox 488 4017 1404 4299">
    <p class='ocr_par' dir='ltr' id='par_1_5' title="bbox 488 4017 1404 4299">
     <span class='ocr_line' id='line_1_34' title="bbox 491 4017 1403 4091; baseline 0.003 -22"><span class='ocrx_word' id='word_1_218' title='bbox 491 4018 675 4084; x_wconf 75' lang='lat' dir='ltr'>¹Bm&#39;tannioe.]</span> <span class='ocrx_word' id='word_1_219' title='bbox 693 4022 742 4080; x_wconf 87' lang='lat' dir='ltr'>E.;</span> <span class='ocrx_word' id='word_1_220' title='bbox 759 4022 874 4084; x_wconf 81' lang='lat' dir='ltr'>Angliae,</span> <span class='ocrx_word' id='word_1_221' title='bbox 880 4022 916 4073; x_wconf 86' lang='lat' dir='ltr'>D.</span> <span class='ocrx_word' id='word_1_222' title='bbox 941 4022 1030 4071; x_wconf 79' lang='lat' dir='ltr'>tionem</span> <span class='ocrx_word' id='word_1_223' title='bbox 1047 4022 1088 4072; x_wconf 82' lang='lat' dir='ltr'>illi</span> <span class='ocrx_word' id='word_1_224' title='bbox 1102 4037 1195 4086; x_wconf 81' lang='lat' dir='ltr'>semper</span> <span class='ocrx_word' id='word_1_225' title='bbox 1212 4038 1314 4072; x_wconf 78' lang='lat' dir='ltr'>nocuum</span> <span class='ocrx_word' id='word_1_226' title='bbox 1330 4017 1403 4091; x_wconf 72' lang='lat' dir='ltr'>essa]</span> 
     </span>
     <span class='ocr_line' id='line_1_35' title="bbox 489 4089 1404 4154; baseline 0.003 -15"><span class='ocrx_word' id='word_1_227' title='bbox 489 4089 635 4154; x_wconf 60' lang='grc' dir='ltr'>2Ρίῐέιιηιι]</span> <span class='ocrx_word' id='word_1_228' title='bbox 653 4092 702 4153; x_wconf 83' lang='grc' dir='ltr'>Ε.;</span> <span class='ocrx_word' id='word_1_229' title='bbox 721 4091 845 4154; x_wconf 83' lang='lat' dir='ltr'>Wiltuna,</span> <span class='ocrx_word' id='word_1_230' title='bbox 856 4092 892 4141; x_wconf 90' lang='lat' dir='ltr'>D.</span> <span class='ocrx_word' id='word_1_231' title='bbox 941 4092 1090 4154; x_wconf 86' lang='lat' dir='ltr'>Propinqua</span> <span class='ocrx_word' id='word_1_232' title='bbox 1107 4093 1180 4142; x_wconf 85' lang='lat' dir='ltr'>heres</span> <span class='ocrx_word' id='word_1_233' title='bbox 1199 4093 1354 4142; x_wconf 82' lang='lat' dir='ltr'>habitatione</span> <span class='ocrx_word' id='word_1_234' title='bbox 1365 4093 1404 4142; x_wconf 89' lang='lat' dir='ltr'>illi</span> 
     </span>
     <span class='ocr_line' id='line_1_36' title="bbox 488 4158 1314 4224; baseline 0.004 -16"><span class='ocrx_word' id='word_1_235' title='bbox 488 4158 607 4224; x_wconf 65' lang='lat' dir='ltr'>Uesta]</span> <span class='ocrx_word' id='word_1_236' title='bbox 626 4163 658 4210; x_wconf 85' lang='grc' dir='ltr'>Ε.</span> <span class='ocrx_word' id='word_1_237' title='bbox 669 4181 677 4224; x_wconf 87' lang='lat'>;</span> <span class='ocrx_word' id='word_1_238' title='bbox 689 4161 773 4209; x_wconf 84' lang='lat' dir='ltr'>adhuc</span> <span class='ocrx_word' id='word_1_239' title='bbox 780 4163 861 4223; x_wconf 84' lang='lat' dir='ltr'>juste,</span> <span class='ocrx_word' id='word_1_240' title='bbox 869 4162 905 4212; x_wconf 87' lang='lat' dir='ltr'>D.</span> <span class='ocrx_word' id='word_1_241' title='bbox 941 4176 1039 4224; x_wconf 88' lang='lat' dir='ltr'>semper</span> <span class='ocrx_word' id='word_1_242' title='bbox 1049 4177 1147 4211; x_wconf 91' lang='lat' dir='ltr'>nocuus</span> <span class='ocrx_word' id='word_1_243' title='bbox 1158 4176 1223 4224; x_wconf 80' lang='lat' dir='ltr'>esse,</span> <span class='ocrx_word' id='word_1_244' title='bbox 1231 4163 1271 4218; x_wconf 88' lang='lat' dir='ltr'>D.</span> <span class='ocrx_word' id='word_1_245' title='bbox 1281 4163 1314 4212; x_wconf 84' lang='lat' dir='ltr'>E.</span> 
     </span>
     <span class='ocr_line' id='line_1_37' title="bbox 489 4227 1284 4299; baseline 0.005 -21"><span class='ocrx_word' id='word_1_246' title='bbox 489 4227 679 4294; x_wconf 82' lang='lat' dir='ltr'>⁴Propinquom</span> <span class='ocrx_word' id='word_1_247' title='bbox 702 4231 800 4281; x_wconf 72' lang='lat' dir='ltr'>laceres</span> <span class='ocrx_word' id='word_1_248' title='bbox 822 4232 917 4280; x_wconf 80' lang='lat' dir='ltr'>bobila·</span> <span class='ocrx_word' id='word_1_249' title='bbox 977 4227 1079 4299; x_wconf 61' lang='grc' dir='ltr'>Πᾶσα]</span> <span class='ocrx_word' id='word_1_250' title='bbox 1099 4234 1148 4293; x_wconf 83' lang='grc' dir='ltr'>Ε.;</span> <span class='ocrx_word' id='word_1_251' title='bbox 1164 4233 1238 4295; x_wconf 87' lang='lat' dir='ltr'>adeo,</span> <span class='ocrx_word' id='word_1_252' title='bbox 1249 4233 1284 4282; x_wconf 91' lang='lat' dir='ltr'>D.</span> 
     </span>
    </p>
   </div>
   <div class='ocr_carea' id='block_1_4' title="bbox 0 0 1603 5048">
    <p class='ocr_par' dir='ltr' id='par_1_6' title="bbox 0 0 1603 5048">
     <span class='ocr_line' id='line_1_38' title="bbox 0 0 1603 5048; baseline 0 0"><span class='ocrx_word' id='word_1_253' title='bbox 0 0 1603 5048; x_wconf 95' lang='lat' dir='ltr'> </span> 
     </span>
    </p>
   </div>
  </div>
 </body>
</html>
