3180 5048
417 482 485 548 266
643 495 758 544 cnsrn
781 495 909 543 ancon
932 494 1147 544 uncianum.
1230 482 1315 564 [mn.
1332 499 1371 545 11.

421 654 567 735 refugio.
621 652 702 716 Rex
727 653 861 716 interea
888 659 1063 729 strenuus,
1092 658 1128 715 et
1155 651 1299 734 pulchre
1324 653 1369 716 ad

423 753 660 817 dormiendum
689 753 814 829 factus,
849 759 949 815 tanta
978 751 1120 832 negotia
1146 759 1371 834 postponens,

424 853 615 931 oscitabat3
638 852 721 916 etsi
742 849 880 933 quando
905 849 1097 933 resipuerat
1120 858 1160 914 ut
1177 851 1234 914 vel
1252 851 1372 914 cubito

424 970 462 1015 se
479 950 666 1027 attolleret,
689 951 882 1026 confestim,
895 949 952 1013 vel
968 957 1137 1030 gravante
1149 949 1293 1025 desidia,
1315 950 1372 1014 vel

425 1049 631 1115 adversante
645 1049 794 1126 fortuna,
813 1050 850 1112 in
866 1049 1021 1112 miserias
1037 1048 1222 1113 recidebat.
1275 1049 1372 1112 Exa-

426 1149 586 1230 gitabant
605 1148 702 1213 illum
728 1148 858 1212 umbrae
876 1147 1053 1224 fraternae,
1074 1148 1168 1212 diras
1191 1147 1372 1229 exigentes

425 1247 578 1312 inferias.
630 1245 719 1325 Quis
735 1248 847 1330 possit
861 1266 1062 1312 enumerare
1084 1248 1245 1330 quotiens
1270 1266 1371 1310 exer-

426 1347 531 1409 citum
559 1347 846 1428 congregaveritl
870 1339 1048 1429 ¹quotiens
1070 1365 1178 1411 naves
1206 1345 1369 1408 fabricari

422 1445 591 1528 jusseritl
615 1446 775 1528 quotiens
796 1445 902 1508 duces
919 1445 1147 1527 undecunque
1161 1445 1371 1522 evocaverit,

426 1550 462 1607 et
485 1544 571 1608 nibil
591 1563 743 1626 unquam
766 1544 889 1608 horum
910 1545 1142 1626 processerit?
1195 1543 1289 1607 Nam
1308 1563 1372 1606 ex·

426 1644 554 1708 orcitus
583 1643 739 1726 principe
765 1662 900 1719 carens,
928 1651 965 1706 et
992 1643 1183 1726 disciplinae
1211 1642 1372 1706 militaris

425 1743 581 1822 ignarus
597 1748 658 1805 aut
674 1749 757 1806 ante
772 1741 1049 1824 congressionem
1064 1742 1291 1818 dilabebatur,
1309 1748 1372 1805 aut

426 1841 562 1923 inipso
587 1840 751 1904 conflictu
773 1840 873 1905 facile
895 1841 1049 1905 cedebat.
1095 1839 1202 1904 Volet
1223 1840 1370 1904 multum

427 1938 464 2002 in
479 1939 579 2002 bellis
601 1938 698 2003 ducis
721 1940 919 2022 praesentia,
941 1939 1036 2004 valet
1057 1945 1216 2021 spectata
1234 1940 1271 2003 in
1291 1939 1370 2002 tali-

427 2039 492 2101 bus
519 2038 678 2114 audacia,
705 2039 800 2103 valet
822 2057 906 2101 usus
934 2045 971 2102 et
994 2040 1144 2102 maxime
1167 2038 1372 2120 disciplina3

427 2137 564 2218 quibus,
587 2142 628 2199 ut
649 2136 736 2213 dixi,
751 2155 873 2200 carens
896 2137 1081 2214 exercitus,
1103 2137 1372 2219 provincialibus

426 2235 684 2317 irrecuperabili
708 2235 900 2317 dispendio,
922 2235 1080 2300 hostibus
1097 2235 1285 2312 miserabili
1298 2242 1375 2298 erat

426 2333 586 2397 ludibrio.
638 2332 703 2397 Est
718 2333 803 2397 illud
827 2333 1003 2399 hominum
1024 2353 1146 2415 genus,
1169 2334 1200 2396 si
1221 2353 1291 2398 non
1315 2354 1373 2398 co·

428 2439 586 2496 arceatur
605 2439 686 2496 ante
710 2433 851 2509 bellum,
875 2433 911 2497 in
938 2432 1077 2515 rapinas
1101 2440 1321 2516 promptum3
1343 2433 1375 2496 si

428 2551 498 2596 non
515 2531 687 2596 animetur
700 2531 737 2596 in
750 2532 854 2608 bello,
869 2532 914 2595 ad
924 2531 1043 2613 fugam
1055 2551 1213 2614 pronum.
1252 2531 1372 2597 Naves

428 2631 473 2694 ad
486 2630 668 2694 tutandam
690 2650 786 2695 oram
802 2631 1010 2695 maritimam
1024 2631 1223 2709 fabricatas,
1245 2650 1324 2694 cum
1338 2632 1375 2694 in

428 2729 588 2794 anchoris
607 2729 857 2806 constitissent,
881 2738 1022 2813 repente
1043 2737 1164 2795 coorta
1186 2737 1374 2812 tempestas

429 2829 606 2910 corripuit,
621 2836 657 2893 et
670 2829 810 2899 collisas
823 2829 915 2893 inter
927 2847 965 2893 se
979 2827 1134 2913 disjectis
1153 2827 1375 2894 armamentis

429 2927 569 2991 inutiles
592 2927 749 2991 reddidit.
802 2927 942 3005 Paucae,
965 2927 1008 2991 de
1022 2927 1176 3011 reliquiis
1188 2928 1375 2992 multarum

429 3025 544 3102 factae,
565 3026 697 3107 impetu
718 3025 898 3109 cujusdam
912 3027 1091 3104 Wulnodi,
1114 3046 1216 3109 quem
1230 3046 1294 3090 rex
1313 3045 1376 3089 ex·

430 3122 584 3202 legatum
607 3123 768 3205 ejecerat,
792 3125 979 3190 submersae
1003 3125 1059 3188 vel
1083 3127 1246 3203 incensae,
1279 3144 1375 3207 spem

431 3221 539 3286 totius
562 3219 701 3304 Angliae
723 3221 930 3288 fefellerunt.
983 3224 1100 3288 Duces
1126 3223 1316 3307 siquando
1330 3224 1375 3287 ad

431 3321 614 3385 concilium
636 3323 888 3400 convenissent,
903 3341 984 3405 pars
1006 3322 1084 3399 hoc,
1106 3341 1187 3405 pars
1212 3323 1297 3386 illud
1313 3322 1375 3385 eli-

432 3439 533 3501 gere3
562 3420 636 3498 vix,
659 3428 721 3484 aut
742 3439 930 3502 nunquam,
955 3421 992 3484 in
1016 3421 1142 3485 bonam
1169 3421 1375 3486 sententiam

431 3519 627 3583 convenire.
680 3520 797 3602 Magis
813 3521 903 3583 enim
919 3519 962 3582 de
985 3520 1219 3584 simultatibus
1241 3521 1376 3584 domes·

432 3617 511 3682 ticis
536 3637 640 3700 quam
665 3617 708 3681 de
731 3618 878 3700 publicis
902 3619 1167 3684 necessitatibus
1200 3620 1375 3684 consulta·

431 3718 526 3780 bant.
579 3715 601 3779 J
605 3736 661 3779 am
675 3718 803 3781 verosi
824 3717 918 3800 quid,
935 3725 1081 3800 urgente
1102 3718 1269 3799 pericula,
1292 3718 1376 3782 utile

433 3822 469 3878 et
493 3833 659 3878 arcanum
681 3815 926 3894 decrevissent,
958 3817 1076 3882 statim
1102 3817 1146 3880 ad
1173 3818 1294 3882 Danos
1316 3837 1378 3899 per

432 3913 626 3996 proditores
652 3913 888 3979 deferebatur:
929 3934 1010 3979 nam
1041 3921 1169 3999 praeter
1201 3916 1379 3992 Elsricum,

434 4013 566 4090 Elferii,
589 4012 648 4096 qui
673 4014 884 4096 superiorem
901 4034 1017 4097 regem
1040 4015 1226 4094 occiderat,
1243 4033 1380 4078 succes·

450 4259 457 4289 ¹
473 4262 590 4315 Quotiens
600 4259 930 4331 noceasabricorijasseril]
949 4265 977 4315 S.
991 4266 1021 4314 C.
1034 4266 1069 4314 D.
1081 4265 1128 4325 E.;
1140 4263 1244 4314 omitted
1256 4261 1321 4312 ind.
1329 4262 1361 4311 1..
