3180 5048
408 500 473 566 252
623 518 736 565 essm
760 517 887 564 nacon
911 515 1126 563 suenorum,
1219 501 1304 581 [nra.
1322 517 1359 563 11.

409 675 468 737 ubi
496 693 534 737 se
569 674 771 757 plerumque
808 672 982 736 fatuorum
1017 671 1183 736 dicacitas
1217 672 1360 735 liberius

409 780 575 850 ostentat,
600 774 693 837 lama
708 779 761 837 est
785 771 1000 835 Kinnadium
1021 791 1138 853 regem
1160 771 1358 836 Scottorum

408 873 635 937 ludibundum
658 873 799 949 dixisse,
828 872 951 934 mirum
973 870 1081 935 videri
1105 879 1178 934 tam
1203 871 1264 935 vili
1296 871 1360 934 ho·

409 972 583 1036 moncioni
604 979 657 1036 tot
679 971 875 1054 provincias
901 971 1046 1054 subjici3
1072 963 1190 1052 ¹idque
1221 990 1244 1034 a
1271 989 1358 1051 quo·

409 1072 488 1135 dam
519 1072 623 1135 mimo
652 1071 792 1134 sinistra
819 1088 901 1133 aure
931 1076 1123 1152 acceptum,
1153 1075 1188 1132 et
1217 1070 1357 1150 Edgaro

408 1171 628 1252 postmodum
656 1169 800 1234 solemni
836 1169 986 1234 convitio
1024 1170 1061 1232 in
1098 1188 1137 1232 os
1173 1169 1358 1253 objectum.

410 1268 461 1332 At
473 1270 543 1346 ille,
563 1290 600 1334 re
620 1271 692 1333 suis
720 1269 845 1345 celata,
870 1267 1096 1344 Kinnadium,
1121 1267 1222 1350 quasi
1240 1269 1358 1350 magni

409 1370 565 1452 mysterii
586 1368 806 1446 consultandi
836 1369 962 1450 gratia,
994 1367 1164 1445 accersiit,
1186 1368 1357 1451 longeque

408 1467 445 1532 in
459 1470 594 1552 sylvam
617 1468 771 1544 seducto,
785 1486 889 1530 unum
907 1487 952 1530 ex
966 1467 1112 1544 duobuS,
1135 1486 1222 1550 quos
1241 1486 1359 1530 secum

409 1561 586 1646 attulerat,
597 1569 736 1632 ensibus
750 1566 908 1647 tradidit3
921 1566 985 1631 ‘Et
995 1566 1110 1643 nunc,'
1120 1566 1245 1648 inquit,
1256 1573 1264 1600 ‘
1276 1565 1358 1630 lice-

409 1666 460 1730 bit
469 1667 561 1732 vires
572 1675 651 1732 tuas
662 1667 843 1750 experiare
855 1686 932 1730 cum
947 1665 1013 1730 soli
1023 1667 1140 1729 simus.
1171 1666 1195 1729 J
1198 1685 1252 1728 am
1266 1667 1357 1730 enim

407 1766 492 1830 faxo
511 1776 551 1832 ut
572 1775 739 1850 appareat
761 1766 838 1848 quis
866 1765 967 1830 alteri
991 1765 1114 1830 merito
1134 1766 1283 1851 supponi
1297 1766 1357 1830 dc-

408 1867 510 1947 beat3
536 1874 576 1932 tu
591 1885 728 1949 quoque
751 1886 795 1929 ne
819 1864 940 1947 pedem
964 1865 1093 1940 referas
1117 1865 1201 1946 quin
1223 1885 1357 1929 mecum

408 1985 481 2029 rem
505 1967 666 2031 ventiles,
730 1965 847 2046 Turpe
878 1971 932 2028 est
960 1966 1050 2028 enim
1074 1984 1191 2046 regem
1214 1965 1250 2028 in
1273 1985 1356 2030 con-

409 2064 502 2129 vivio
524 2085 599 2130 esse
622 2064 826 2141 dicaculum,
852 2083 916 2127 nec
930 2083 1005 2128 esse
1019 2065 1055 2127 in
1074 2065 1195 2146 praelio
1217 2085 1358 2148 promp-

408 2164 544 2228 tulum!
596 2163 769 2228 Confusus
788 2164 858 2240 ille,
880 2183 944 2228 nec
959 2165 1065 2228 verbo
1090 2165 1215 2228 mutire
1239 2183 1357 2243 ausus,

408 2263 453 2326 ad
482 2264 587 2346 pedes
617 2263 747 2328 domini
782 2262 874 2344 regis
906 2264 1065 2344 procidit,
1093 2263 1257 2346 simplicis
1285 2264 1357 2348 Joci

407 2361 544 2426 veniam
557 2370 730 2446 precatus,
745 2369 781 2426 et
795 2362 977 2426 confestim
990 2361 1210 2426 consecutus.
1263 2362 1357 2442 Quid

407 2461 519 2528 illudt
568 2464 677 2528 omni.
698 2468 832 2539 aestate,
870 2480 1009 2526 emensa
1045 2463 1164 2526 statim
1194 2461 1357 2526 Paschali

408 2561 610 2639 festivitate,
637 2581 744 2627 naves
781 2581 844 2644 per
873 2560 989 2625 omnia
1019 2561 1138 2625 littora
1168 2562 1356 2626 coadunari

408 2662 652 2745 praecipiebat3
702 2661 747 2725 ad
785 2659 1033 2725 occidentalem
1063 2661 1186 2724 insulae
1221 2669 1358 2743 partem

408 2777 487 2824 cum
512 2761 673 2826 orientali
691 2763 815 2837 classe,
829 2767 864 2824 et
886 2759 947 2824 illa
970 2753 1145 2824 ²remensa
1167 2780 1244 2825 cum
1264 2763 1358 2825 occi-

408 2860 538 2925 dentali
571 2861 615 2924 ad
640 2861 824 2937 borealem,
851 2859 932 2922 inde
956 2878 1032 2923 cum
1057 2860 1188 2923 boreali
1215 2860 1270 2923 ad·
1286 2861 1356 2924 ori-

408 2959 559 3022 entalem
586 2961 755 3041 remigare
787 2966 997 3037 consuetus;
1030 2959 1108 3041 pius
1139 2959 1270 3023 scilicet
1293 2980 1354 3024 cx·

407 3059 574 3146 plorator,
596 3079 639 3122 ne
661 3059 743 3141 quid
765 3059 887 3141 piratae
907 3059 1099 3122 turbarent.
1160 3057 1297 3142 Hyeme
1318 3067 1355 3123 et

407 3176 489 3221 vere
510 3176 571 3238 per
584 3177 703 3222 omnes
722 3157 918 3240 provincias
936 3157 1133 3240 equitando,
1146 3156 1281 3240 judicia
1292 3179 1354 3241 po·

407 3257 594 3320 tentiorum
609 3257 824 3340 exquirebat,
838 3257 960 3321 violati
976 3257 1066 3341 juris
1081 3275 1222 3320 severus
1236 3258 1352 3322 ultor:

359 3432 364 3448 .
406 3355 443 3418 in
465 3355 531 3422 hoc
549 3357 711 3441 justitiae,
741 3357 777 3420 in
811 3356 872 3420 illo
898 3355 1092 3420 fortitudini
1121 3356 1285 3438 studens3
1316 3357 1353 3421 in

408 3462 553 3539 utroque
567 3457 763 3542 reipublicae
777 3456 987 3519 utilitatibus
1001 3455 1193 3519 consulens.

458 3554 567 3638 §loa
601 3555 691 3620 Sunt
714 3557 774 3638 qui
799 3555 934 3636 ingenti
965 3554 1041 3638 ejus
1070 3555 1190 3636 gloriae
1215 3574 1352 3636 naevum

405 3661 541 3719 tentent
567 3675 752 3739 apponere,
787 3654 953 3730 dicentes,
988 3654 1107 3735 primis
1143 3655 1355 3736 temporibus

405 3753 511 3818 fuisse
535 3754 707 3819 crudelem
728 3755 887 3838 incives,
901 3753 1121 3817 libidinosum
1136 3753 1173 3816 in
1190 3753 1352 3835 virgines.

405 3851 514 3917 Verbi
536 3854 651 3935 gratia
672 3853 796 3936 prioris
818 3853 1015 3935 exemplum
1039 3859 1194 3934 ponunt:
1228 3851 1354 3918 Athel-

404 3952 537 4016 woldus
556 3960 631 4018 crat
647 3953 798 4036 quidam,
814 3953 868 4016 sui
881 3952 1046 4034 temporis
1062 3950 1177 4016 comes
1192 3951 1354 4034 egregius

405 4235 409 4244 ·
440 4208 559 4275 Utique]
580 4213 610 4262 0.
633 4212 669 4262 D.
692 4212 743 4270 E.;
768 4212 865 4273 itaque,
925 4202 1094 4276 Ἔπη]
1121 4209 1151 4260 G.
1172 4206 1222 4268 E.;
1239 4209 1355 4270 mnium,

403 4281 437 4330 Α.
449 4280 477 4331 S.
490 4281 521 4330 la.
891 4279 924 4328 A.
938 4279 967 4329 S.
979 4279 1015 4330 D.
1027 4279 1059 4328 L.
