3150 5046
212 451 358 534 n1n.11.]
438 467 551 516 cusin
575 467 703 516 nncun
726 467 942 516 nncuonuu.
1098 451 1164 516 311

212 626 344 690 aderat.
412 625 636 709 Quapropter
663 625 740 691 Deo
770 625 1000 710 omnipotenti
1026 625 1162 707 'gratias

210 725 414 806 magnificas
453 726 571 802 reddo,
601 728 684 808 quia
718 728 834 790 omnia
867 745 945 809 quae
980 725 1160 790 desidera·

213 844 343 901 veram,
367 832 471 907 prout
494 832 609 889 mente
634 826 866 902 decreveram,
888 845 1052 908 prospere
1081 844 1159 906 per·

212 923 291 1001 leci,
319 925 479 1006 votisque
515 925 600 988 meis
629 925 673 988 ad
704 925 793 989 velle
828 925 993 989 satisfeci.
1054 923 1160 988 Nunc

212 1023 331 1105 itaque
355 1025 401 1086 sit
422 1030 543 1088 notum
570 1025 652 1106 quia
672 1025 741 1106 ipsi
763 1025 839 1088 Deo
862 1024 1011 1107 supplex
1034 1023 1159 1088 devovi

212 1124 322 1186 vitam
347 1141 458 1186 meam
482 1143 505 1187 a
530 1123 633 1186 modo
656 1125 692 1187 in
717 1124 875 1189 omnibus
895 1123 1102 1208 justificare,
1124 1131 1161 1187 et

212 1241 322 1304 regna
344 1223 429 1285 mihi
452 1223 591 1287 subdita
610 1223 827 1306 populosque
847 1224 943 1307 juste
970 1230 1005 1286 et
1026 1223 1083 1304 pic
1104 1242 1160 1286 re-

212 1341 306 1402 gere,
320 1341 527 1404 aequumque
536 1323 706 1406 judicium
727 1343 790 1405 per
804 1315 939 1386 ¹omnes
955 1323 1159 1401 observare3

213 1422 302 1484 etsi
327 1421 410 1503 quid
440 1441 502 1504 per
524 1441 610 1485 meae
632 1423 829 1507 juventutis
858 1422 1160 1503 intemperantiam

213 1527 275 1584 aut
297 1520 544 1602 negligentiam
565 1521 744 1598 hactenus,
766 1528 892 1604 praeter
913 1521 949 1584 id
968 1520 1061 1602 qnod
1081 1521 1159 1604 jus·

214 1627 289 1683 tum
312 1626 399 1697 erat,
423 1628 539 1685 actum
561 1629 626 1698 est,
641 1628 754 1685 totum
776 1621 852 1684 Deo
874 1621 1069 1684 auxiliante
1088 1620 1159 1683 dis-

201 1740 306 1801 pono
331 1720 525 1785 emendare.
577 1719 710 1784 Iccirco
739 1722 905 1798 obtestor,
932 1727 968 1784 et
995 1719 1160 1802 praecipio

214 1819 299 1882 meis
321 1819 525 1884 consiliariis
534 1821 664 1903 quibus
680 1820 780 1902 regni
794 1821 938 1884 consilia
959 1819 1101 1895 credidi,
1117 1838 1160 1882 ne

214 1918 286 1982 ullo
312 1919 426 1995 modo,
450 1926 511 1984 aut
535 1926 677 2002 propter
698 1940 812 1983 meum
834 1921 991 1983 timorem
1013 1925 1075 1982 aut
1096 1918 1160 1981 ali·

215 2019 315 2101 cujus
337 2021 490 2100 potentis
513 2039 670 2102 personae
689 2020 854 2096 favorem,
877 2019 1028 2102 aliquam
1049 2018 1161 2101 injus-

214 2118 327 2181 titiam
343 2137 365 2180 a
386 2119 488 2182 modo
511 2120 741 2195 consentiant,
758 2119 814 2183 vel
831 2119 962 2182 faciant
976 2117 1161 2201 pullulare,

214 2217 251 2280 in
276 2217 370 2280 omni
395 2237 502 2298 regno
531 2238 620 2283 meo.
672 2217 843 2301 Praecipio
873 2219 978 2282 etiam
1003 2217 1161 2280 omnibus

214 2316 472 2380 vicecomitibus
494 2325 529 2382 et
551 2318 748 2400 praepositis
781 2318 934 2382 universi
963 2317 1062 2398 regni
1082 2317 1161 2393 mei,

216 2417 306 2480 sicut
328 2435 440 2480 meam
467 2417 591 2480 volunt
614 2417 739 2480 habere
764 2416 951 2480 amicitiam
976 2422 1038 2479 aut
1059 2434 1162 2480 ¹suam

216 2516 376 2592 salutem,
398 2524 438 2579 ut
453 2501 541 2580 nulli
560 2516 702 2593 homini,
723 2535 787 2579 nec
800 2515 901 2580 diviti
920 2534 983 2578 nec
1005 2515 1162 2596 pauperi,

216 2616 288 2679 vim
310 2615 477 2698 injustam
500 2615 672 2695 inferant3
696 2615 756 2679 sed
782 2615 952 2692 omnibuS,
966 2620 1039 2677 tam
1064 2613 1162 2677 nobi·

215 2714 306 2778 libus
329 2735 432 2797 quam
463 2716 685 2797 ignobilibuS,
713 2715 760 2778 sit
787 2714 841 2778 fas
867 2713 967 2797 justa
994 2713 1071 2794 lege
1099 2732 1163 2795 po-

216 2815 340 2890 tiundi,
366 2834 388 2878 a
409 2833 480 2898 qua
502 2834 566 2878 nec
587 2821 730 2897 propter
752 2813 906 2878 savorem
931 2813 1076 2894 regium,
1099 2831 1163 2876 nec

216 2922 359 2997 propter
379 2914 526 2997 alicujus
547 2915 699 2996 potentis
720 2931 916 2996 personam,
938 2932 1001 2976 nec
1022 2919 1164 2995 propter

217 3012 302 3077 mihi
331 3013 582 3095 congerendam
612 3014 807 3096 pecuniam,
838 3013 1038 3076 ullomodo
1068 3011 1163 3076 dcvi·
1216 3015 1218 3020 “

218 3121 290 3190 ent,
320 3114 404 3196 q'uia
432 3113 528 3176 nulla
556 3113 640 3176 mihi
669 3113 858 3178 necessitas
888 3119 943 3178 est
975 3119 1015 3177 ut
1044 3113 1168 3194 iniqua

156 3199 160 3207 ⁵
207 3213 400 3276 ¹exactione
430 3214 577 3296 pecunia
606 3213 691 3276 mihi
721 3219 938 3294 congeratur.
990 3212 1067 3293 Ego
1096 3213 1169 3275 ita-.

219 3331 286 3394 que
314 3319 434 3376 notum
463 3312 562 3376 vobis
592 3313 667 3375 fieri
695 3312 787 3388 volo,
819 3311 922 3394 quod,
954 3311 1074 3392 eadem
1106 3311 1165 3373 via

219 3430 290 3493 qua
311 3411 405 3476 exivi
429 3413 639 3494 regredienS,
662 3409 954 3474 Danemarchiam
975 3409 1079 3485 vado,
1102 3427 1164 3490 pa-

219 3529 294 3573 cem
317 3518 352 3574 et
377 3511 513 3574 firmum
536 3519 690 3595 pactum,
713 3510 865 3574 omnium
881 3508 1062 3572 Danorum
1083 3527 1166 3570 con·

218 3610 309 3688 silio,
334 3613 587 3694 compositu-rus
617 3631 695 3676 cum
723 3611 772 3674 eis
805 3609 966 3690 gentibus
996 3627 1075 3690 quae
1103 3625 1169 3671 nos

220 3716 255 3772 et
277 3711 352 3774 vita
376 3718 411 3774 et
434 3731 541 3792 regno
564 3711 714 3793 privare,
741 3709 772 3772 si
799 3709 849 3772 eis
874 3715 966 3771 esset
990 3706 1167 3789 possibile,

220 3808 406 3888 volebant3
441 3810 595 3874 sednon
621 3815 820 3893 potuerunt,
846 3809 923 3872 Deo
945 3806 1077 3870 scilicet
1100 3805 1169 3869 vir-

131 3972 133 3976 .
220 3915 331 3972 tutem
363 3929 483 3972 eornm
516 3910 727 3985 destruente,
757 3909 818 3992 qui
849 3927 914 3972 nos
947 3925 1012 3969 sua
1046 3905 1168 3986 benig-

220 4007 330 4072 nitate
362 4010 399 4072 in
425 4029 533 4092 regno
564 4009 752 4073 ethonore
781 4013 974 4083 conservet,
1004 4004 1169 4070 omnium·

435 4242 442 4272 ¹
458 4244 568 4307 Oniten]
585 4245 615 4295 C.
628 4246 663 4295 D.
675 4245 724 4306 E.;
741 4244 833 4305 omnia,
845 4243 877 4293 A.
891 4242 919 4292 S.
932 4242 964 4292 1..
1032 4245 1033 4248 ’
