3180 5048
216 511 288 558 nra.
305 493 361 574 m]
437 508 552 557 essm
575 507 702 557 aucuu
728 507 942 557 suenorum.
1105 491 1172 556 253

217 674 255 731 et
279 686 301 729 a
324 661 490 745 secretis3
515 664 595 730 huic
618 685 681 729 rex
702 665 904 750 injunxerat
919 665 1110 746 negotium,
1132 671 1172 727 ut

222 766 391 830 Ellridam
414 766 521 829 filiam
545 765 672 847 Orgari
693 765 791 831 ducis
807 765 1077 841 Devenensium,
1092 783 1171 847 quae

221 864 333 930 forma
356 865 412 929 sui
433 865 553 928 oculos
575 866 763 928 relatorum
785 865 978 948 pellexerat
1000 870 1172 946 quatenus

158 1021 164 1030 ,
220 985 296 1030 eam
308 964 414 1046 regiis
425 965 567 1029 auribus
576 963 1009 1042 commendarent—huic,
1017 965 1172 1046 inquam,

220 1070 433 1146 praeceperat
462 1070 502 1128 ut
535 1063 632 1127 illam
667 1063 736 1128 iret
772 1064 1001 1146 speculatum,
1032 1063 1173 1145 nuptias

221 1164 467 1229 conciliaturus
484 1163 515 1226 si
530 1163 658 1227 veritas
673 1163 775 1228 famae
790 1164 1054 1246 conquadraret.
1107 1160 1174 1226 Ille

221 1264 315 1328 viam
338 1263 506 1339 celerare,
532 1261 686 1346 nihilque
710 1264 836 1345 praeter
860 1264 1056 1345 opinionem
1080 1280 1173 1325 com·

222 1364 371 1445 periens,
388 1363 501 1426 celato
515 1362 606 1444 apud
626 1370 788 1445 parentes
810 1362 949 1440 nuncio,
972 1361 1045 1425 suis
1058 1361 1174 1443 potius

224 1463 343 1526 usibus
374 1462 525 1544 puellam
554 1462 731 1544 applicuit.
783 1461 938 1526 Rediens
970 1461 1015 1526 ad
1045 1478 1173 1542 regem,

225 1555 322 1645 ¹quae
345 1562 416 1625 suis
439 1561 595 1643 partibus
618 1561 860 1639 conducerent,
888 1561 1019 1642 allegat
1047 1561 1175 1642 speciei

222 1661 378 1744 vulgaris
392 1668 428 1726 et
443 1661 654 1743 quotidianae
678 1660 849 1743 pusiolam
874 1679 963 1738 esse,
987 1680 1050 1724 nec
1065 1667 1174 1724 tantae

224 1761 399 1845 majestati
422 1761 617 1825 convenire.
668 1760 829 1824 Reducto
850 1761 895 1824 ab
920 1759 974 1823 his
1000 1759 1115 1823 auimo
1139 1765 1176 1822 et

225 1861 303 1927 aliis
317 1860 491 1925 amoribus
513 1861 658 1937 intento,
674 1859 846 1926 delatores
861 1859 1029 1924 nunciant
1043 1864 1176 1940 quanta

225 1961 323 2024 illum
338 1958 579 2025 Athelwoldus
595 1960 726 2024 astutia
738 1960 943 2024 emunxerit.
996 1958 1062 2022 Ille
1076 1958 1175 2022 clavo

225 2060 362 2125 clavum
387 2059 576 2141 expellens
610 2059 730 2123 fraude
767 2059 899 2123 scilicet
921 2055 1077 2121 fraudem
1102 2057 1175 2119 elu-

224 2160 323 2236 dens,
350 2159 498 2222 frontem
527 2159 684 2222 serenam
712 2159 829 2223 comiti
857 2157 1048 2234 ostendere,
1086 2155 1176 2219 diem

225 2259 467 2342 quovisitaret
486 2263 558 2321 tam
580 2256 758 2322 laudatam
774 2258 952 2323 mulierem
974 2256 1075 2338 quasi
1094 2255 1177 2339 joco

226 2358 369 2423 edicere.
403 2356 486 2436 Qui,
497 2363 570 2421 tam
584 2357 727 2420 terribili
740 2357 824 2421 ludo
838 2356 1070 2432 exanimatus,
1087 2374 1176 2438 prae-

228 2457 337 2523 currit
360 2457 403 2520 ad
435 2455 631 2540 conjugem,
655 2475 783 2538 rogans
807 2462 846 2519 ut
872 2474 945 2519 suae
968 2455 1074 2518 saluti
1094 2473 1176 2519 con·

228 2559 368 2634 soleret,
380 2563 416 2620 et
424 2563 593 2639 quantum
605 2563 725 2638 posset
735 2555 889 2619 vestibus
903 2575 941 2620 se
950 2553 1177 2633 deformaret3

229 2664 312 2722 tunc
336 2657 484 2738 primum
509 2655 667 2738 aperiens
690 2653 774 2718 sacti
795 2655 850 2719 sui
864 2655 1057 2719 consilium.
1109 2652 1178 2716 Sed

228 2757 311 2839 quid
340 2776 409 2820 non
440 2755 618 2838 praesumit
645 2753 815 2817 soeminal
848 2772 935 2817 ausa
965 2760 1019 2817 est
1042 2746 1178 2816 ²miseri

228 2856 395 2920 amatoris
406 2862 446 2919 et
460 2855 561 2938 primi
576 2852 736 2937 conjugis
760 2852 862 2917 fidem
885 2853 1017 2930 fallere,
1040 2859 1076 2917 et
1099 2871 1177 2934 spe·

230 2955 308 3019 culo
323 2955 458 3020 vultum
473 2973 619 3031 comere,
641 2952 727 3017 nihil
747 2953 911 3018 omittens
933 2949 1026 3035 quod
1041 2951 1180 3034 ephoebi

230 3062 266 3120 et
281 3055 433 3137 potentis
454 3054 589 3119 lumbos
613 3059 835 3136 pertentaret.
888 3052 964 3116 Nec
989 3053 1077 3116 citra
1099 3071 1179 3134 pro·

231 3155 382 3236 positum
408 3152 544 3217 accidit.
595 3152 718 3217 Visam
743 3154 835 3217 enim
859 3152 946 3217 adeo
968 3152 1103 3229 inarsit,
1128 3159 1179 3228 ut,

231 3253 449 3317 dissimulato
464 3251 555 3328 odio,
571 3253 731 3316 comitem
747 3252 785 3315 in
799 3252 935 3335 sylvam
944 3246 1179 3327 ³Werewelle,

139 3414 142 3419 ,
233 3353 347 3434 gratia
376 3349 525 3416 venandi
553 3351 714 3429 accitum,
731 3349 851 3434 jaculo
873 3350 1058 3434 trajiceret.
1111 3349 1180 3412 Ubi
1220 3411 1228 3430 ,

232 3471 312 3516 cum
335 3451 430 3515 filius*
452 3449 557 3516 occisi
581 3450 708 3515 nothus
734 3449 895 3514 familiari
922 3469 988 3512 usu
1017 3465 1180 3530 superve-

234 3552 354 3628 nisset,
383 3559 418 3616 et
446 3570 468 3615 a
494 3569 576 3632 rege
600 3550 834 3631 interrogatus
860 3556 952 3612 esset
976 3547 1125 3630 qualiter
1150 3547 1182 3610 ei

234 3651 315 3716 talis
339 3651 478 3715 venatio
494 3650 658 3732 placeret,
680 3649 898 3731 respondisse
915 3648 1035 3725 fertur,
1050 3652 1061 3682 ‘
1074 3648 1182 3723 Bene,

235 3750 372 3815 domine
393 3768 476 3830 rex3
500 3748 592 3831 quod
609 3747 672 3812 tibi
689 3748 805 3830 placet
818 3747 902 3811 mihi
917 3747 1099 3829 displicere
1114 3765 1183 3809 non

234 3848 375 3914 debet:'
397 3868 467 3933 quo
480 3848 573 3912 dicto
597 3846 648 3912 ita
663 3847 827 3912 tumentis
850 3847 1002 3912 animum
1025 3864 1184 3911 mansue-

1131 3997 1189 4008 ,-

229 4119 232 4124 ,
271 4079 378 4147 mua]
395 4082 430 4132 r.
444 4083 473 4134 s.
488 4081 566 4133 cn.
584 4081 699 4142 nam
758 4083 770 4134 ἐ
792 4104 953 4168 amorra]
979 4105 1009 4154 c.
1030 4102 1065 4153 n.
1085 4102 1118 4152 r.
1138 4102 1186 4162 n.;

234 4154 291 4216 (1¹¹5,
303 4153 336 4202 Ε·
724 4174 875 4224 Werewelle
897 4173 957 4236 q'uae
975 4178 1081 4223 vocatur
1104 4171 1188 4224 Hare-

270 4219 282 4256 r
300 4221 412 4285 mma]
438 4219 472 4271 A.
491 4219 521 4270 S.
543 4221 573 4271 c.
593 4220 627 4270 D·
648 4220 699 4280 Ed
724 4243 854 4308 wodad.
867 4243 897 4293 S·

235 4291 338 4357 misera,
349 4292 397 4353 Ia·;
414 4291 500 4354 primi,
512 4292 541 4341 S·
