3170 5054
193 501 262 548 nrn.
281 484 323 568 1.]
420 502 534 551 cnsra
558 501 685 551 aucun
709 496 923 552 arenosus.
1102 489 1147 553 65

191 657 402 734 anhimbros,
424 676 466 746 eo
490 656 692 722 familiarius
713 677 783 740 quo
804 657 1042 741 propinquius,
1064 677 1145 741 pro-

191 757 359 838 spiciebat
392 757 560 822 intentio:
598 765 720 822 nostra
755 777 837 823 vero
873 759 1017 823 lacinias
1051 758 1144 826 illius

192 864 313 939 carpet
334 863 370 920 et
392 864 574 939 componet
595 857 716 922 oratio.
771 857 826 921 Ne
849 860 927 941 quis
951 878 1035 922 sane
1060 860 1144 922 milri

190 955 277 1020 vitio
300 965 425 1034 vertat,
448 957 541 1039 quod
563 965 635 1021 tam
657 956 781 1020 diffusa
802 959 839 1022 in
859 968 991 1022 arctum
1005 967 1143 1024 contra·

192 1055 286 1120 hitur
314 1056 469 1134 historia,
498 1058 634 1122 noverit
660 1056 790 1120 lactum
824 1058 981 1135 consilio,
1017 1065 1057 1122 ut
1084 1059 1144 1141 qui

191 1157 437 1220 nauseaverint
466 1156 594 1220 inillis
616 1157 779 1234 obsoniis,
801 1157 839 1219 iu
863 1157 917 1220 his
943 1157 1141 1221 mendican-

191 1263 244 1320 tes
260 1256 429 1339 respirent
440 1256 603 1337 reliquiis.
651 1256 715 1320 Est
727 1257 819 1319 enirn
834 1258 976 1322 verbum
991 1251 1141 1336 ¹tritum,

191 1355 399 1438 antiquitate
425 1356 669 1432 venerandum,
698 1354 801 1419 ‘Cibi
824 1357 884 1438 qui
906 1356 1019 1421 minus
1047 1357 1141 1421 suffi-

190 1454 299 1532 ciunt,
316 1455 450 1520 avidius
470 1455 674 1519 sumuntur.¹
726 1455 938 1520 Ethelfridus
961 1458 1079 1538 igitur,
1103 1464 1142 1521 ut

190 1554 304 1619 dicere
328 1575 514 1638 coeperam,
541 1575 685 1636 regnum
714 1563 848 1634 nactus,
878 1557 988 1639 primo
1017 1557 1143 1621 acriter

191 1674 256 1720 sua
280 1654 473 1731 defendere,
498 1662 579 1737 post
602 1656 707 1719 etiam
730 1655 884 1738 improbe
905 1656 1018 1720 aliena
1042 1657 1140 1720 inva-

190 1754 284 1832 dere,
320 1755 439 1836 gloriae
475 1755 673 1820 occasiones
710 1755 937 1838 undecunque
978 1754 1139 1819 conflare.

191 1853 310 1918 Multa
330 1875 392 1938 per
414 1873 493 1917 eum
516 1854 637 1937 praelia
654 1853 818 1920 inchoata
838 1854 991 1937 provide,
1008 1862 1043 1918 et
1058 1873 1140 1919 con-

189 1961 363 2019 summata
390 1954 540 2035 egregie,
568 1954 647 2017 dum
674 1973 739 2019 nec
762 1954 861 2017 illum
888 1973 909 2018 a
935 1955 1145 2020 necessitate.

191 2053 355 2120 fraenaret
367 2053 503 2130 inertia,
520 2073 583 2119 nec
598 2052 642 2116 ad
656 2054 883 2118 temeritatem
905 2055 1139 2136 praecipitaret

190 2154 345 2218 audacia.
397 2153 513 2217 Testis
530 2161 583 2217 est
598 2153 720 2217 horum
741 2146 881 2235 ²Degsa
902 2153 1003 2236 lapis,
1019 2155 1055 2216 in
1070 2155 1139 2218 illis
1152 2177 1221 2218 aaa
1243 2179 1267 2217 or

189 2255 388 2334 regionibus
415 2253 620 2334 percelebris
648 2253 756 2329 locus,
784 2253 821 2315 in
850 2272 920 2334 quo
946 2273 1009 2316 rex
1039 2228 1289 2328 scot-RW’

191 2360 305 2418 torum
320 2353 432 2429 Edan,
447 2353 519 2436 qui,
541 2353 756 2416 successibus
770 2351 953 2416 Ethellridi
969 2352 1139 2431 invidens,

189 2453 441 2518 detractantem
455 2453 560 2517 etiam
572 2453 609 2515 in
623 2453 751 2516 bellum
765 2452 961 2534 impulerat,
976 2473 1046 2516 nou
1065 2454 1139 2517 sine

191 2572 320 2634 magno
348 2552 488 2617 victoris
517 2552 711 2616 discrimine
741 2552 866 2629 victus,
894 2551 1011 2634 fugam
1042 2552 1139 2632 iniit3

190 2653 359 2734 siquidem
383 2671 567 2734 germanus
590 2650 784 2728 Ethelfridi,
810 2651 1013 2728 TetbalduS,
1035 2661 1141 2733 caput

190 2752 351 2834 periculis
366 2752 556 2836 objectans,
579 2771 620 2814 eo
639 2750 826 2815 studiosius
846 2770 915 2833 quo
937 2749 1037 2813 fratri
1058 2770 1140 2832 ope·

190 2871 265 2915 ram
274 2859 449 2917 ostentare
460 2851 644 2916 affectabat
653 2851 852 2933 impensius
864 2850 1058 2913 luctuosam
1070 2850 1141 2916 vic-

190 2953 316 3016 toriam
338 2952 488 3034 reliquit,
502 2970 580 3015 cum
595 2951 753 3014 omnibus
775 2943 1141 3031 ³commanipularibus

191 3052 263 3115 suis
291 3052 517 3116 desideratus.
568 3050 685 3115 Testis
707 3057 742 3114 et
769 3042 979 3131 *Legionem
1007 3051 1141 3126 civitas,
1154 3070 1263 3111 ansa.

192 3171 271 3234 quae
293 3171 384 3215 nunc
407 3150 610 3232 simpliciter
623 3149 747 3214 Cestra
760 3157 915 3225 vocatur,
930 3169 1075 3232 quaeque
1098 3151 1143 3212 ad

191 3251 227 3316 id
253 3251 415 3334 temporis
440 3270 462 3318 a
484 3249 663 3314 Britannis
679 3267 852 3332 possessa,
873 3250 1085 3314 contumacis
1108 3249 1145 3312 in

228 3461 235 3492 ¹
249 3462 367 3525 Tritam.]
384 3463 433 3523 Ε.;
450 3477 499 3512 usu
516 3463 612 3525 tritum,
622 3457 656 3511 Α.
715 3452 1011 3525 ³Commuaipuluribas.]
1028 3457 1062 3506 A.
1072 3458 1143 3508 S.D·

193 3535 222 3584 S.
237 3535 267 3582 C.
280 3533 315 3583 D.
327 3533 358 3582 L.
371 3533 409 3580 M.
681 3533 712 3581 Ε.
725 3531 756 3579 L.
769 3531 807 3579 M.
820 3546 826 3589 ς
843 3529 1053 3588 manipularibus,
1066 3529 1096 3576 C.

228 3601 334 3664 ²Degso
345 3597 431 3669 lupis]
449 3600 657 3661 A.S.C.E.L.;
715 3597 1144 3662 ⁴Legtcaamcicitus....cestru

192 3673 279 3735 Degla
297 3664 560 3733 apianae-The
579 3672 657 3720 battle
680 3671 798 3734 mentm]
831 3669 885 3717 Τὴο
908 3665 1004 3714 British
1024 3681 1097 3715 name
1119 3665 1148 3714 of

190 3743 222 3794 of
230 3741 392 3804 Daegsastan
403 3756 458 3790 was
468 3740 558 3802 fought
573 3741 600 3788 in
615 3742 658 3789 the
681 3740 732 3789 this
744 3741 794 3800 city
806 3752 861 3787 was
876 3737 1020 3798 caer-leon,
1031 3735 1074 3785 the
1085 3736 1145 3796 city

191 3828 255 3873 year
277 3816 334 3862 603.
374 3811 433 3877 (See
462 3811 522 3859 Sax.
546 3810 657 3871 Chron.;
682 3807 1047 3872 olLegions‚fromaRoman
1061 3807 1146 3869 legion

191 3882 276 3943 Beda,
292 3883 337 3931 lib.
361 3894 379 3930 1.
400 3896 423 3930 c.
448 3883 495 3938 at;
518 3880 568 3928 and
591 3881 658 3928 Flor.
682 3881 758 3941 being
785 3879 882 3939 always
915 3877 1039 3926 stationed
1066 3877 1147 3924 there,

191 3947 321 4014 wigorn.)
356 3950 410 3998 The
426 3949 529 3998 medem
546 3965 619 3998 name
634 3949 663 3997 of
685 3950 756 3997 Beda
778 3947 835 4014 (lib.
860 3960 890 3996 11.
914 3962 937 3995 c.
956 3951 981 4006 2,
1000 3947 1013 4008 t
1032 3943 1077 4008 94)
1100 3945 1146 3993 has

192 4021 246 4070 this
257 4022 329 4082 place
340 4021 363 4068 is
374 4025 419 4069 not
429 4020 537 4068 known:
548 4021 583 4080 by
592 4035 660 4068 some
683 4019 754 4068 these
770 4018 871 4066 words:
894 4025 902 4044 ·
916 4016 1049 4064 Civitatem
1073 4015 1148 4075 Legi-

192 4092 249 4139 itis
261 4091 388 4152 supposed
400 4091 465 4138 tobe
475 4090 661 4150 Dalston,nenr
683 4104 769 4149 onum,
791 4102 849 4148 quae
872 4100 887 4134 a
911 4089 985 4146 gente
1007 4085 1147 4145 Anglorum

192 4160 359 4220 Garlisle;by
366 4159 451 4212 others
460 4160 662 4222 Dawston,near
686 4158 856 4220 legacaestir,
867 4170 883 4203 a
900 4153 1046 4204 Britonibus
1063 4157 1148 4202 autem

192 4229 368 4292 Jedborough.
685 4229 778 4278 rectius
790 4225 924 4287 Carlegion
935 4224 1096 4285 appellatur:

981 4315 1000 4366 1³
