3180 5048
212 491 282 538 nra.
299 475 356 554 11.]
442 491 944 554 cusrnnncuunuonoauu.
1097 484 1162 548 257

211 658 283 714 tum
306 658 342 716 ct
367 661 537 729 novercae,
556 671 633 733 quae
655 652 715 717 vix
738 653 819 716 dum
836 659 968 735 septem
992 671 1160 716 annorum

208 751 389 833 puerulum
407 751 616 834 Egelredum
631 752 737 816 filium
753 753 942 835 provehere
956 753 1159 830 conabatur,

207 857 248 913 ut
268 852 345 933 ipsa
366 852 481 934 potius
503 852 567 914 sub
581 850 657 935 ejus
673 852 811 916 nomine
826 852 1060 934 imperitaret·
1103 851 1159 917 Ex

208 956 291 1014 tunc
306 951 439 1015 malitia
461 950 636 1016 hominum
660 951 866 1033 pullulante,
889 950 1036 1014 felicitas
1059 953 1159 1032 regni

207 1049 396 1114 imminuta.
450 1049 551 1114 Tunc
568 1043 679 1114 ¹visus
701 1058 864 1127 cometeS,
880 1051 939 1132 qui
953 1050 1008 1114 vel
1025 1057 1157 1132 pestem

206 1149 479 1230 provincialium,
502 1150 567 1226 vel
583 1151 680 1231 regni
705 1151 930 1214 mutationem
953 1149 1158 1231 portendere

204 1267 269 1328 pro
297 1269 379 1312 vero
404 1255 633 1312 asseveratur.
692 1247 768 1312 Nec
796 1268 912 1328 mora3
940 1256 1060 1312 secuta
1086 1256 1156 1313 ste·-

206 1347 316 1410 rilitas
341 1347 429 1424 arvi,
450 1346 559 1410 fames
579 1347 767 1424 bominum,
794 1368 886 1412 mors
906 1348 1155 1430 jumentorum.

206 1444 310 1528 Apud
339 1446 453 1510 vicum
489 1447 621 1528 regium
650 1446 709 1528 qui
739 1454 885 1511 vocatur
914 1445 1026 1510 Calna
1053 1466 1155 1512 casus

205 1546 376 1609 insolitus
414 1525 440 1580 Γ
430 1544 535 1622 Nam,
558 1543 720 1610 defuncto
741 1545 891 1627 Edgaro,
916 1546 1030 1610 clerici
1045 1564 1154 1627 quon·
1251 1554 1258 1565 ⁴

204 1643 284 1706 dam
312 1646 356 1708 ab
379 1644 532 1708 ecclesiis
556 1645 693 1726 expulsi
718 1645 872 1709 rediviva
891 1645 1015 1727 praelia
1044 1646 1153 1709 susci-

204 1751 343 1808 tarunt:
378 1737 519 1825 ²ingens
549 1763 625 1806 esse
657 1751 692 1807 et
718 1744 910 1808 miserabile
938 1744 1087 1808 dedecus
1114 1754 1153 1810 ut

203 1863 313 1907 novus
336 1843 478 1907 advena.
496 1849 629 1908 veteres
661 1843 802 1908 colonos
828 1845 976 1926 migrare
1003 1846 1152 1926 compel-

202 1918 320 2022 leret?
336 1943 400 2006 hoc
429 1962 491 2006 nec
514 1942 590 2006 Deo
614 1950 752 2024 gratum
769 1944 896 2024 putari,
921 1943 980 2028 qui
1003 1950 1152 2008 veterem

202 2041 451 2106 habitationem
477 2041 717 2119 concessisset,
742 2061 804 2105 nec
828 2042 932 2106 alicui
956 2044 1064 2125 probo
1089 2043 1150 2107 ho-

169 2195 179 2204 ,
203 2141 298 2218 mini,
325 2141 384 2224 qui
398 2141 462 2204 sibi
479 2141 569 2204 idem
585 2141 704 2212 timere
727 2149 845 2223 posset
863 2141 954 2224 quod
970 2142 1046 2205 aliis
1060 2162 1150 2223 prae-

196 2239 328 2322 judicio
343 2241 508 2305 accidisse
530 2248 696 2305 cerneret.
750 2240 802 2304 Ea
818 2240 860 2304 de
879 2262 916 2305 re
932 2241 967 2304 in
984 2241 1151 2305 clamores

200 2341 320 2404 et'iras
346 2347 550 2416 surrectum,
577 2346 612 2403 et
633 2340 677 2403 ad
694 2341 914 2405 Dunstanum
935 2348 1149 2421 perrectum3

199 2441 373 2522 praecipue
401 2438 613 2521 proceribuS,
643 2446 682 2502 ut
713 2439 878 2503 laicorum
914 2446 980 2515 est,
1015 2439 1149 2505 succla-

200 2540 372 2603 mantibus
386 2538 636 2622 praejudicium,
653 2538 744 2620 quod
760 2532 887 2602 ³clerici
901 2539 996 2620 passi
1011 2539 1149 2604 fuerant

198 2638 338 2722 injuste,
354 2638 476 2703 leniori
499 2637 641 2703 consilio
664 2637 794 2702 succidi
816 2638 950 2717 debere.
1004 2637 1097 2700 Nam
1114 2639 1157 2703 et

199 2757 287 2801 unus
317 2756 447 2815 eorum,
478 2736 639 2814 Elferius,
674 2737 790 2800 omnia
822 2756 909 2818 pene
939 2738 1149 2800 monasteria

199 2855 277 2917 quae
311 2835 609 2900 reverentissimus
633 2828 875 2900 4Adelrroldu's
903 2841 1147 2900 construxerat

197 2936 233 2998 in
248 2935 426 3017 provincia
441 2935 662 3012 Merciorum,
689 2954 817 3016 magna
842 2954 925 2998 usus
950 2934 1148 3014 insolentia,

197 3034 333 3099 evertit.
375 3034 511 3118 Itaque,
527 3033 699 3124 frequenti
716 3035 848 3119 synodo
867 3041 1000 3112 coacta,
1016 3028 1147 3117 ⁵primo

232 3291 239 3322 ¹
257 3293 331 3344 Visus
345 3289 468 3361 conclea]
486 3294 556 3344 Most
567 3293 596 3342 of
610 3293 653 3342 the
682 3293 746 3340 from
766 3293 887 3340 Florence
907 3291 957 3339 and
976 3292 1102 3340 Matthew
1120 3293 1150 3341 ol

197 3363 273 3413 MSS.
295 3365 356 3414 read
377 3365 451 3412 ‘visa
473 3363 608 3422 cometes3'
626 3363 654 3412 S.
682 3362 867 3422 westminster,
877 3364 903 3408 to
910 3360 974 3408 hare
981 3362 1045 3409 been
1052 3361 1145 3410 halden

195 3433 270 3482 reads
281 3433 360 3484 ‘uisae
372 3432 494 3483 cometa!
516 3431 585 3482 ‘Aa
597 3435 655 3480 975.
681 3432 797 3480 between
808 3430 850 3478 the
862 3429 939 3478 death
946 3429 975 3477 oi
982 3431 1087 3490 Eadgar
1094 3431 1144 3480 aud

197 3503 312 3552 Cometes
334 3505 408 3553 stella
430 3502 571 3552 autumnali
593 3505 655 3550 tem·
681 3501 724 3548 the
736 3501 908 3549 consecration
924 3498 953 3545 oi
965 3499 1005 3547 his
1017 3507 1063 3548 son
1075 3498 1144 3547 Ead-

111 3622 113 3626 .
196 3587 256 3634 pore
267 3573 322 3622 visa
333 3573 389 3622 est'
405 3571 486 3637 (Flor.
494 3567 620 3633 Wigom.)
682 3570 762 3630 ward,
774 3569 800 3616 in
811 3573 859 3616 975
870 3585 877 3628 ;
887 3567 934 3616 but
948 3568 990 3616 the
1003 3569 1143 3617 Chronicon

230 3637 362 3710 magea]
376 3641 409 3692 A.
420 3643 450 3690 C.
460 3642 495 3689 D.
507 3641 539 3688 Ε.
552 3641 583 3689 L.
595 3655 602 3700 3
614 3641 657 3688 be·
681 3639 864 3699 wintoniense,
881 3637 948 3685 cited
966 3639 999 3698 by
1015 3637 1143 3699 Spelma'n,

197 3711 248 3760 lore
275 3711 403 3774 ‘ingena'
432 3711 461 3760 S.
489 3711 564 3758 reads
597 3709 657 3756 ι(11·
681 3707 793 3772 (concil.
809 3707 886 3769 Angl.
907 3710 966 3756 tom.
986 3720 1005 3755 1.
1025 3722 1051 3768 p.
1071 3704 1142 3770 491‚)

196 3781 299 3830 centes!
681 3779 767 3838 places
781 3778 802 3825 it
816 3778 842 3825 in
860 3777 902 3824 the
913 3791 975 3837 year
989 3780 1046 3826 968.
1083 3776 1142 3842 (See

231 3845 654 3917 ³creoi.]A.s.c.D.Eab.;
681 3847 824 3896 Wharton's
846 3851 904 3895 note
932 3847 958 3894 in
980 3846 1075 3908 Anglia'
1097 3847 1143 3895 Sa·-

195 3920 380 3968 omittedinE.
684 3932 736 3976 cra,
766 3931 826 3978 pars
854 3929 883 3964 n.
914 3931 940 3977 p.
970 3912 1045 3978 112.)
1093 3915 1142 3964 Os·

229 3987 240 4018 ⁴
250 3988 426 4050 Adelwoldua]
439 3987 473 4036 A.
483 3988 513 4037 G.
523 3988 558 4036 D.
568 3986 655 4045 aba
681 3988 766 4047 berne,
784 3987 811 4034 in
829 3985 869 4034 his
888 3984 944 4033 Life
955 4031 957 4036 ,
967 3983 995 4032 ol
1015 3986 1142 4047 Dunstan,

194 4057 362 4108 Adelwoldus
381 4057 519 4106 monachus
539 4060 565 4105 et
581 4056 656 4104 Wen·
681 4055 835 4117 improperly
846 4058 924 4103 states
936 4054 990 4101 that
1006 4054 1048 4102 the
1065 4069 1143 4103 coun-

194 4131 269 4177 tanus
280 4129 426 4189 episcopus,
438 4126 467 4176 S.
682 4126 715 4174 cil
726 4125 755 4172 of
762 4124 922 4173 Winchcster
939 4122 990 4171 and
1006 4123 1048 4171 the
1065 4138 1142 4172 coun-

188 4229 191 4234 ·
234 4195 244 4226 ⁵
272 4199 365 4254 ramo,
392 4195 574 4257 wintanum]
602 4193 656 4241 The
682 4195 716 4243 cil
734 4193 764 4241 of
778 4193 858 4242 Calue
877 4207 944 4241 were
967 4191 1027 4240 both
1049 4193 1141 4242 holdai

194 4268 293 4316 council
312 4267 341 4315 ol
355 4264 514 4315 Winchester
539 4277 657 4326 appears,
681 4263 774 4324 during
795 4263 837 4311 the
858 4261 963 4311 liletime
985 4261 1014 4310 ol
1030 4259 1149 4324 Eadgar.‘

973 4353 990 4399 S
