3190 5060
247 487 314 533 nm.
332 470 373 551 n]
466 485 580 533 cnsrn
605 483 731 533 aneon
755 486 967 534 suenorum.
1136 472 1200 538 103

244 642 364 708 redum
380 662 508 724 regem,
519 643 579 725 qui
590 644 714 708 tertius
724 648 804 726 post
816 643 1006 725 Egbertum
1018 644 1178 726 regnavit
1188 667 1200 712 ε,

244 736 376 806 ‘¹Ecce
394 743 539 807 ecclesia
565 743 678 807 sancti
696 742 878 808 Cuthberti
895 744 1113 808 sacerdotum
1131 746 1198 811 Dei

243 844 413 924 sanguine
434 863 588 926 aspersa,
611 845 770 907 omnibus
792 843 942 926 spoliata
963 846 1196 926 ornamentis3

243 943 341 1006 locus
363 944 498 1007 cunctis
523 943 559 1008 in
587 944 770 1007 Britannia
796 945 1027 1009 venerabilior
1050 946 1198 1027 paganis

244 1044 405 1125 gentibus
439 1043 542 1107 datur
578 1044 622 1106 ad
661 1043 953 1125 depraedandum3
988 1052 1023 1108 et
1045 1045 1105 1108 nbi
1127 1040 1197 1128 pri-

244 1163 338 1205 mum
355 1150 435 1224 post
455 1144 645 1206 discessum
671 1144 784 1208 sancti
807 1143 947 1212 Paulini
969 1145 1014 1208 ab
1039 1144 1199 1209 Eboraco

245 1240 445 1306 Christiana
461 1242 581 1324 religio
598 1243 634 1307 in
650 1252 770 1307 nostra
792 1251 897 1324 gente
921 1245 1070 1326 sumpsit
1094 1263 1196 1308 exor-

245 1341 353 1420 dium,
368 1341 416 1406 ibi
442 1343 589 1406 miseria
617 1353 652 1406 et
680 1343 889 1407 calamitatis
914 1344 1021 1425 coepit
1045 1345 1195 1410 initium.

245 1441 340 1520 Quid
366 1441 541 1524 significat
565 1443 685 1525 pluvia
710 1444 902 1524 sanguinis
920 1463 1025 1526 quam
1047 1443 1196 1526 quadra·

245 1541 402 1623 gesimali
419 1549 586 1625 tempore,
602 1543 638 1604 in
656 1542 814 1607 Eboraca
830 1544 972 1607 civitate
990 1563 1068 1626 quae
1090 1551 1198 1626 caput

245 1642 353 1705 totius
370 1643 469 1724 regni
486 1649 550 1720 est,
567 1643 604 1706 in
619 1642 766 1706 ecclesia
782 1636 893 1707 ²beati
912 1643 1078 1725 principis
1095 1661 1197 1724 apos·

245 1741 395 1807 tolorum
422 1742 583 1819 vidimus,
613 1741 655 1805 de
682 1743 890 1818 borealibus,
917 1742 1052 1821 domus,
1074 1761 1197 1806 sereno

245 1861 337 1919 aere,
376 1841 419 1906 de
452 1835 668 1930 ³summitate
708 1843 793 1906 tecti
831 1842 1012 1906 minaciter
1049 1842 1196 1906 caderet

246 1939 373 2005 Nonne
388 1947 504 2024 potest
519 1941 635 2024 putari
651 1961 673 2006 a
694 1943 889 2006 borealibus
906 1943 1063 2024 partibus
1079 1942 1198 2006 venire

244 2043 449 2123 sanguinem
464 2043 747 2124 superterraml'
775 2042 866 2106 Item
876 2035 1040 2106 ⁴0sberto
1051 2042 1197 2125 patricio

246 2139 472 2206 Marciorum:
506 2141 700 2206 ‘Nostrum
719 2163 866 2224 regnum
885 2141 1198 2207 Northanhimbro-¹

244 2261 320 2304 rum
335 2262 425 2324 pene
442 2241 544 2324 periit
560 2250 701 2325 propter
716 2243 899 2307 intestinas
916 2242 1146 2307 dissensiones
1162 2249 1198 2306 et
1289 2255 1291 2260 ·

245 2341 386 2406 fallaces
395 2341 614 2426 jurationes.'
655 2342 747 2407 Item
758 2343 802 2406 ad
813 2341 1029 2407 Adalardum
1045 2341 1198 2407 Cantua-

245 2440 392 2506 riensem
404 2442 718 2526 archiepiscopum:
743 2437 865 2508 ‘⁵Hoc
876 2441 954 2506 dico
965 2429 1125 2525 6propter
1136 2442 1198 2506 fla-

245 2541 374 2624 gellam
389 2543 482 2626 quod
497 2563 607 2626 nuper
620 2542 746 2607 accidit
756 2544 912 2626 partibus
924 2543 1045 2606 insulae
1056 2549 1197 2618 nostrae,

246 2662 325 2725 quae
350 2662 459 2726 prope
486 2643 650 2708 trecentis
672 2650 708 2707 et
725 2643 958 2726 quadraginta
975 2643 1114 2705 annisa
1136 2661 1199 2723 pa·

244 2743 400 2806 rentibus
414 2743 609 2807 inhabitata
624 2750 678 2806 est
692 2744 832 2807 nostris.
878 2732 1042 2822 ⁷Legitur
1058 2742 1095 2803 in
1110 2741 1198 2804 libro

247 2841 362 2906 Gildae
388 2843 635 2926 sapientissimi
651 2843 845 2920 Britonum‚
874 2841 968 2924 quod
993 2840 1096 2904 iidem
1115 2840 1195 2903 Bri-

247 2948 358 3020 tones,
381 2950 524 3026 propter
550 2943 734 3008 avaritiam
760 2950 796 3006 et
820 2943 977 3025 rapinam
992 2941 1199 3024 principum,

246 3049 387 3124 propter
402 3043 621 3126 iniquitatem
639 3050 675 3106 et
691 3042 899 3126 injustitiam
912 3041 1081 3125 judicum,
1096 3060 1200 3124 prop,

246 3149 299 3204 ter
313 3142 479 3206 desidiam
504 3141 761 3224 praedicationis
784 3141 1035 3224 episcoporum,
1058 3146 1201 3224 propter

279 3373 288 3404 ¹
300 3376 364 3423 Ecce
373 3373 471 3423 ecclesia
480 3407 487 3424 .
495 3408 501 3424 .
508 3409 515 3424 .
523 3374 711 3441 superterram]
735 3378 801 3424 most
808 3374 930 3435 probably
941 3374 1000 3421 here
1011 3373 1111 3421 alludes
1121 3376 1148 3420 to
1158 3373 1201 3422 the

243 3445 293 3494 See
311 3445 415 3494 Alcuin.
434 3444 486 3506 Op.
503 3449 563 3494 tom.
581 3457 602 3494 1.
624 3460 650 3505 p.
670 3448 713 3506 2⁰,
736 3444 908 3493 devastatione
918 3442 948 3491 of
955 3441 997 3491 the
1009 3443 1106 3504 Danas,
1116 3442 1201 3491 which

245 3517 319 3576 epist.
331 3527 381 3564 ΧΠ.
736 3515 819 3575 began
830 3513 899 3561 Am.
910 3515 968 3561 793.
1189 3549 1191 3556 ,

278 3582 290 3611 ²
300 3584 397 3648 Beati]
416 3585 446 3634 C.
453 3585 488 3635 D.
495 3585 527 3634 E.
533 3584 564 3634 L.
571 3585 611 3634 M.
620 3599 627 3645 ;
643 3585 712 3634 beati
771 3581 782 3618 ⁷
792 3582 899 3644 Legitur
909 3581 936 3629 in
946 3581 1008 3630 libro
1016 3581 1099 3630 Gilda
1108 3579 1203 3642 sapien·

245 3656 326 3715 Petri,
337 3655 367 3705 S.
737 3653 828 3702 tissimi
846 3651 1002 3714 Britanna]
1026 3651 1080 3698 The
1102 3651 1201 3711 precise

279 3723 290 3756 ³
302 3723 468 3784 Samaritam]
489 3723 566 3774 AD.
573 3724 606 3774 E.
615 3723 646 3773 L.
656 3724 695 3772 Μ.
705 3739 712 3783 ;
736 3724 821 3773 words
833 3723 901 3772 cited
916 3723 952 3783 by
962 3721 1056 3770 Alcuin
1067 3735 1110 3769 are
1122 3724 1165 3768 not
1176 3724 1202 3768 to

245 3809 353 3856 summo,
365 3794 394 3843 S.
408 3796 438 3844 C.
736 3795 767 3842 be
779 3793 986 3842 foundineither
999 3789 1202 3840 the‘Historia'

280 3863 422 3926 ⁴Osderto.]
434 3865 487 3914 The
494 3869 591 3913 extract
597 3864 661 3912 from
669 3863 712 3912 the
736 3879 765 3912 or
775 3864 818 3913 the
829 3865 837 3892 ‘
850 3864 966 3926 Epistola
976 3861 1081 3923 Gildae‚‘
1091 3875 1120 3910 as
1131 3861 1202 3909 thess

246 3935 473 3998 epistletoOsbert
479 3937 502 3984 is
510 3933 713 3996 printedinrllc-
737 3935 822 3984 works
837 3939 864 3983 at
880 3937 982 3996 present
997 3933 1080 3990 exist3
1097 3932 1143 3978 but
1158 3929 1201 3977 the

246 4007 314 4056 uin's
324 4005 420 4066 works,
431 4004 494 4054 from
506 4005 690 4064 Malmesbury.
737 4004 899 4064 expressions
915 4003 944 4052 os
957 4001 1060 4061 Gildas,
1075 4004 1101 4048 to
1117 3997 1203 4046 which

279 4079 290 4109 ὅ
304 4076 360 4124 Hoc
375 4075 429 4124 dico
441 4109 448 4125 .
461 4109 468 4125 .
482 4109 489 4125 .
503 4109 509 4123 .
520 4075 638 4137 dignutus
655 4073 713 4136 cst.]
738 4073 834 4123 Alcuin
845 4087 926 4122 seems
937 4077 963 4120 to
974 4071 1059 4119 allude
1076 4070 1104 4116 in
1121 4068 1203 4117 show·

246 4147 294 4196 See
312 4145 416 4196 Alcuin.
437 4145 488 4208 Op.
509 4150 569 4196 tom.
590 4159 608 4196 1.
628 4160 654 4207 p.
673 4147 714 4206 16,
738 4144 782 4205 ing
793 4143 897 4191 whence
916 4139 1029 4191 resulted
1045 4139 1087 4187 the
1104 4138 1204 4187 misiot-

246 4217 321 4279 epist.
333 4229 371 4265 rx.
738 4217 812 4262 tunes
830 4213 859 4261 of
878 4212 920 4261 the
940 4215 1056 4271 country,
1078 4224 1155 4258 occur
1176 4209 1203 4258 in

281 4283 292 4317 ⁰
308 4287 415 4352 Propter
430 4285 582 4350 flagellum]
619 4283 714 4334 Alcuin
738 4283 765 4347 §t
776 4288 819 4347 2⁷,
829 4287 861 4332 66
872 4282 903 4332 oi
910 4282 952 4332 the
963 4283 971 4309 ‘
985 4280 1119 4343 Epistola?
