3180 5048
203 437 345 524 niara]
429 455 543 505 cisra
567 457 694 506 aucun
718 457 935 511 nuouoauu.
1090 444 1156 517 245

201 618 340 682 tanensi
365 617 528 700 episcopo
552 617 794 698 permittimus.
846 618 890 682 In
912 618 1052 686 Pascha
1067 639 1156 703 quo·

201 737 269 800 quc
292 717 418 781 crisma
433 717 718 782 sanctificationis
734 724 769 782 et
784 717 899 782 oleum
915 739 937 782 a
954 720 1155 785 Pontanen-

201 817 233 881 si
255 818 418 900 episcopo
445 836 490 880 ex
519 836 614 880 more
643 817 804 899 accipiat,
826 825 863 883 et
890 837 954 900 per
984 820 1150 901 praefatas

200 917 364 980 ecclesias
390 934 472 979 suas
502 915 699 980 distribuat.
763 915 844 980 Hoc
871 937 954 981 vero
978 919 1152 1002 praecipue

201 1016 269 1080 Dei
296 1015 536 1079 interdictione
567 1021 603 1079 et
640 1022 761 1079 nostra
796 1017 1017 1095 auctoritate,
1053 1019 1155 1102 salva

201 1123 317 1180 tamen
339 1121 469 1178 sanctae
486 1113 656 1178 Romanae
678 1115 833 1179 ecclesiae
855 1123 891 1180 et
906 1117 1150 1182 Dorobernen-

199 1215 247 1278 sis
270 1213 452 1297 dignitate,
474 1212 641 1295 prohibeo
665 1219 708 1278 ne'
732 1234 883 1296 persona
902 1216 1150 1300 cujuscumque

199 1314 395 1396 potestatis,
425 1314 499 1378 sive
530 1332 605 1389 rex,
634 1313 708 1376 sive
734 1315 928 1396 episcopus,
953 1317 1032 1382 ,sire
1063 1317 1149 1395 dux,

199 1420 261 1477 aut
283 1413 457 1495 princeps,
481 1412 538 1475 vel
562 1411 706 1494 quilibet
731 1413 966 1478 ministrorum
994 1435 1149 1482 meorum

199 1511 393 1576 Glastoniae
423 1511 588 1576 terminos
612 1512 668 1576 vei
691 1512 967 1594 supradictarum
989 1516 1150 1597 parochi·

199 1631 309 1689 arum,
337 1610 590 1694 perscrutandi,
613 1610 782 1692 rapiendi,
804 1611 996 1697 ,placitandi
1022 1616 1148 1696 gratia,

191 1711 255 1776 nel
277 1711 407 1795 aliquid
423 1709 682 1774 aliud'saciendi
697 1710 789 1793 quod
812 1713 1022 1778 contrarium
1037 1716 1148 1796 possit

198 1830 273 1875 esse
285 1811 411 1877 ibidem
425 1810 503 1874 Deo
520 1809 761 1888 servientibus,
782 1809 912 1876 intrare
934 1822 1144 1895 praesumat3

198 1911 315 1976 abbati
349 1910 588 1975 tantummodo
619 1917 655 1972 et
682 1911 868 1976 conventui
896 1919 1053 1994 potestas
1087 1915 1145 1992 sit,

198 2011 322 2075 tamin
341 2011 433 2074 notis
456 2009 572 2074 causis
595 2028 698 2092 quam
724 2011 761 2073 in
781 2008 922 2092 ignotis,
944 2012 981 2076 in
1003 2013 1145 2077 modicis

195 2111 284 2174 etin
300 2109 448 2192 magnis,
472 2117 508 2174 et
530 2110 688 2173 omnibus
712 2110 852 2174 omnino
875 2111 1036 2194 negotiis,
1055 2112 1147 2178 sicut

194 2229 301 2293 supra
315 2209 593 2274 memoravimus.
643 2207 811 2292 Quisquis
830 2217 946 2274 autem
960 2211 1063 2295 hujus
1078 2214 1146 2278 mei

195 2310 368 2391 privilegii
391 2309 596 2391 dignitatem
621 2309 776 2390 qualibet
805 2311 997 2388 occasione,
1027 2311 1146 2395 cujus,-

196 2429 342 2492 cumque
365 2409 558 2490 diguitatis,
584 2408 831 2492 cujuscumque
859 2410 1000 2488 ordinis,
1027 2411 1145 2494 cujus,

193 2528 343 2592 cumque
371 2507 606 2590 professionis,
636 2515 834 2590 pervertere
858 2509 915 2573 vel
941 2509 979 2573 iu
1007 2508 1144 2576 irritum

194 2608 361 2672 deducere
380 2607 551 2689 sacrilega
564 2607 831 2689 praesumptione
847 2607 970 2672 amodo
985 2615 1143 2674 tentave-

193 2707 251 2785 rit,
273 2709 361 2772 sciat
382 2727 420 2772 se
438 2705 664 2790 proculdubio
684 2711 766 2769 ante
784 2706 978 2771 districtum
990 2706 1144 2791 judicem

96 2886 100 2893 ¹
194 2807 402 2872 titubantem
428 2804 757 2887 tremebundumque
784 2805 953 2870 rationem
989 2806 1143 2872 redditu·

193 2925 282 2983 rum,
311 2906 380 2970 nisi
406 2906 502 2988 prius
544 2905 650 2985 digna
688 2903 925 2969 satisfactione
955 2906 1142 2984 emendare
1174 2921 1176 2925 ·
1228 2965 1232 2972 .

192 3005 387 3070 studuerit!
438 3004 543 3068 Hanc
569 3002 742 3085 privilegii
764 3004 929 3086 paginam
955 3005 1141 3087 praedictus

193 3124 257 3170 rex
272 3104 466 3187 Eadgarus,
485 3102 688 3167 duodecimo
710 3121 804 3167 anno
828 3103 927 3186 regni
951 3104 1018 3183 sui,
1041 3124 1141 3172 sacro

192 3205 320 3286 scripto
348 3203 440 3287 apud
467 3202 683 3267 Londoniam
712 3204 885 3266 communi
910 3204 1053 3269 consilio
1078 3225 1141 3288 op,

190 3304 348 3367 timatum
373 3322 514 3367 suorum
536 3300 764 3366 confirmavit.
815 3301 1015 3386 Eodemque
1036 3322 1140 3382 anno,

191 3404 252 3486 qui
266 3403 332 3467 fuit
347 3396 644 3484 ¹nongentesimus
658 3400 896 3482 sexagesimus
914 3401 1055 3483 quintus
1064 3403 1139 3467 Do·

190 3503 325 3566 minicae
349 3501 607 3577 incarnationis,
632 3499 817 3564 indictione
843 3507 969 3582 quarta
994 3499 1138 3579 decima,

188 3620 282 3685 papa
298 3595 494 3665 ²Johannes
517 3599 606 3662 hanc
628 3599 740 3680 ipsam
767 3599 932 3680 paginam
956 3598 1079 3663 Romae
1102 3601 1139 3664 in

189 3701 342 3783 generali
358 3699 491 3783 synodo
515 3697 754 3775 auctorizavit,
768 3704 979 3780 cunctosque
993 3698 1138 3781 potioris

223 3951 461 4016 ¹,Nongentesimas
481 3949 649 4013 nemesianus
672 3948 715 4016 the
742 3947 842 3998 tweiith
869 3961 932 4012 year
957 3947 987 3996 of
1011 3947 1137 4008 Eadger’s

185 4023 286 4088 quintus
306 4021 444 4072 Dmninicae
464 4019 649 4078 incantationis,
672 4019 754 4080 reign.

185 4093 316 4144 indictione
335 4096 423 4155 quarto
444 4089 558 4153 deciana]
578 4089 648 4139 AJ).
707 4083 875 4149 Urbanus]
895 4085 964 4136 John
982 4085 1062 4135 xm.
1078 4100 1138 4147 pre·

185 4169 232 4214 971
252 4161 419 4223 correspouds
434 4161 498 4210 with
517 4160 560 4209 the
577 4157 648 4208 four·
674 4155 747 4206 sided
764 4155 827 4204 from
844 4156 888 4205 the
903 4170 966 4218 year
982 4158 1031 4204 0θό
1049 4159 1075 4204 to
1092 4155 1136 4206 the

183 4236 269 4284 teenth
294 4231 426 4294 indiction,
448 4245 477 4280 as
505 4225 560 4280 'also
587 4229 649 4278 with
675 4225 1064 4288 athosseptemberA.D.t172.
