3170 5054
405 484 459 548 38.
628 500 742 549 casm
765 500 892 551 aucun
916 499 1130 549 rueuouuu.
1228 487 1316 570 [mu.
1332 503 1356 550 1.

244 673 373 766 amu
406 657 639 739 postmodum¹
661 657 698 720 in
734 665 885 723 veterem
921 658 1130 753 translatum
1165 658 1360 737 ecclesiam,

347 734 395 844 ’Ὗ
407 757 555 837 liquebit
563 777 626 839 per
639 757 847 820 narrationis
861 757 1154 838 consequentiam.

247 873 363 924 neniam.
459 855 545 938 §24
578 855 753 933 Successit
782 855 935 920 Patricio
963 857 1000 919 in
1030 857 1166 922 abbatis
1195 856 1361 938 regimine

410 949 619 1037 ¹Benignus,
642 957 703 1021 sed
725 961 812 1038 quot
833 952 934 1021 annis
955 954 1136 1022 incertum.
1188 954 1277 1033 Quis
1299 975 1361 1020 au-

373 1117 382 1123 ,
409 1061 479 1117 tem
494 1052 608 1131 fuerit,
624 1062 659 1119 et
674 1053 847 1137 quomodo
868 1053 982 1136 patria
1001 1049 1126 1134 lingua
1143 1053 1270 1132 dictus,
1292 1075 1363 1119 non

409 1152 558 1217 infacete
572 1171 692 1218 versus
715 1154 926 1236 exprimunt,
948 1151 1057 1234 quiin
1071 1152 1247 1237 epitaphio
1269 1153 1363 1235 apud

412 1251 613 1316 Ferramere
627 1252 747 1334 scripti
759 1252 909 1316 fuerunt.

413 1399 494 1463 Hoc
508 1399 618 1483 patris
640 1397 676 1463 in
697 1398 813 1482 lapide
828 1401 981 1464 Beounae
997 1404 1079 1462 sunt
1093 1415 1174 1462 ossa
1187 1396 1314 1473 locata,

415 1497 488 1576 Qui
523 1505 622 1580 pater
657 1499 823 1562 extiterat
851 1495 1097 1561 monachorum
1126 1495 1181 1559 bie
1211 1502 1365 1581 tempore

487 1616 597 1660 usco:
1288 1609 1291 1612 ’

414 1617 522 1759 Huinc
538 1695 611 1759 fore
627 1694 772 1759 Patrioii
786 1694 961 1777 quondam
977 1693 1124 1758 fortasse
1137 1691 1332 1756 ministrum

357 1868 359 1872 ,
415 1794 550 1858 Fantur
578 1794 837 1875 Hibernigenae,
868 1800 904 1857 ct
933 1793 1112 1857 Beonnam
1149 1791 1192 1856 de
1228 1791 1366 1855 nomine

465 1891 597 1956 dicunt.

417 2039 455 2102 Is
480 2045 621 2121 quantae
647 2038 738 2120 apud
766 2037 881 2103 Deum
906 2037 1029 2120 gratiae
1059 2037 1163 2106 fuerit
1190 2043 1226 2127 et
1250 2036 1309 2115 sit,
1332 2043 1368 2102 et

417 2138 543 2201 veteris
566 2137 741 2220 quondam
760 2137 842 2202 vitae
868 2143 904 2200 et
927 2157 1040 2214 novae,
1064 2137 1101 2200 in
1122 2135 1288 2219 majorem
1312 2157 1367 2202 ec·

417 2237 557 2300 ciceiam
572 2236 809 2300 translationis
825 2243 1067 2319 praeconantur
1081 2235 1267 2316 magnalia.

256 2344 333 2443 ἓξὲξ
346 2343 405 2434 3011·
471 2335 563 2418 §25.·
591 2335 674 2399 Jam
702 2355 785 2412 vero
811 2335 934 2417 quanti
958 2333 1050 2397 hunc
1074 2334 1189 2401 locum
1212 2333 1370 2416 penderit

258 2444 365 2484 Menova.
419 2452 566 2514 magnus
581 2433 641 2498 ille
661 2427 798 2498 ²David
812 2433 1075 2500 Menevensium
1089 2431 1369 2515 archiepiscopus

420 2532 587 2596 celebrius
613 2539 667 2596 est
691 2552 795 2615 quarn
819 2539 859 2596 ut
885 2538 1005 2596 nostro
1028 2532 1183 2614 indigeat
1204 2527 1371 2598 illustrari

420 2631 544 2696 relatu.
596 2629 662 2695 Ille
698 2629 939 2714 antiquitatem
963 2638 999 2698 et
1025 2630 1291 2698 sanctitudinem
1316 2651 1372 2702 ec·

421 2729 535 2794 clesiee
550 2729 668 2796 divino
692 2730 929 2814 comprobavit
951 2730 1100 2797 oraculo.
1153 2729 1374 2796 Dedicationi

422 2829 512 2892 enim
526 2829 602 2913 ejus
621 2830 814 2905 intendens,
829 2848 908 2892 cum
931 2829 1102 2911 episcopis
1126 2835 1270 2910 septem,
1285 2849 1373 2911 quo,-

422 2947 497 2990 rum
512 2927 641 3011 primas
663 2935 749 3005 erat,
771 2928 816 2991 ad
834 2927 948 2990 locum
960 2928 1078 2992 venit:
1102 2929 1235 3009 paratis
1255 2935 1371 2994 autem

423 3027 581 3090 omnibus
594 3045 673 3108 quac
696 3025 798 3090 officii
820 3043 903 3088 usus
923 3032 1149 3107 exposceret,
1159 3033 1261 3091 nocte
1284 3045 1374 3109 prae·

423 3143 574 3201 cessura,
597 3131 637 3188 ut
660 3127 819 3207 putabat,
843 3123 1080 3201 festivitatem,
1106 3121 1227 3189 somno
1259 3124 1373 3188 indul·

423 3223 480 3286 sit.
549 3223 679 3287 Omnes
707 3243 790 3305 ergo
820 3242 941 3289 sensus
976 3223 1012 3286 in
1041 3223 1192 3305 quietem
1228 3224 1378 3302 solutus,

426 3321 516 3386 vidit
527 3322 713 3386 Dominum
729 3323 752 3388 J
754 3343 850 3388 esum
865 3323 1038 3400 assistere,
1053 3341 1195 3387 causam
1205 3323 1376 3390 adventus

459 3494 633 3562 ¹Beoigous.]
651 3499 826 3560 Malmesbury
835 3499 889 3548 also
915 3497 1049 3561 Caedem,
1069 3499 1188 3546 removed
1209 3498 1251 3547 the
1282 3512 1325 3548 see
1351 3502 1377 3546 to

423 3571 503 3615 wrote
515 3582 531 3616 a
542 3567 614 3616 work
626 3568 730 3616 entitled
745 3568 891 3617 ‘Miracula
915 3567 1050 3616 Mencvia:
1067 3566 1108 3616 his
1126 3581 1281 3628 successore,
1295 3568 1322 3616 in
1339 3581 1379 3616 re·

426 3637 512 3685 Sancti
532 3637 659 3699 Benigni,'
680 3636 843 3686 abbreviated
864 3639 890 3684 in
915 3637 1074 3698 specttobis
1085 3637 1378 3698 memory‚styledthem·

425 3705 494 3756 John
522 3705 552 3754 oi
566 3706 740 3767 Tyuemoutb:
760 3721 802 3756 see
825 3707 891 3766 Cap·
915 3705 1377 3768 solvesarchbishopsoiSt.David’s.

428 3773 527 3834 grave’s
546 3774 623 3824 Nova
640 3775 761 3836 Legenda
779 3775 892 3837 Angliae,
916 3775 1027 3826 Godwin
1035 3775 1121 3836 places
1131 3775 1172 3824 bis
1182 3775 1259 3824 death
1269 3777 1296 3823 in
1307 3776 1377 3826 AJ).

428 3842 471 3891 iol.
485 3846 524 3892 66.
561 3843 593 3892 In
609 3843 650 3893 his
661 3844 769 3905 History
779 3843 808 3892 of
816 3845 892 3894 Glas-
916 3849 982 3905 6425
997 3845 1045 3894 but
1054 3845 1377 3910 Malmcsbury(Antiquit

428 3911 579 3973 tonburyhe
598 3916 677 3963 states
694 3912 892 3976 thatBenignus
916 3915 1000 3964 Giast.
1019 3911 1104 3978 Eccl.)
1126 3915 1226 3975 assigna
1247 3915 1268 3962 it
1289 3919 1315 3964 to
1336 3913 1379 3974 tbe

428 3981 570 4032 succeeded
587 3981 625 4031 St.
638 3981 726 4032 Patrio
745 3983 772 4032 iu
790 3982 832 4034 tbe
849 3985 892 4033 ab·
912 3983 977 4045 'year
1001 3987 1058 4033 546.
1105 3982 1251 4044 According
1280 3987 1307 4032 to
1335 3983 1379 4032 the

428 4051 493 4112 bacy
512 4051 545 4101 A.
555 4051 590 4101 1).
610 4055 669 4114 460,
679 4052 731 4101 and
746 4052 833 4115 places
850 4054 892 4103 the
917 4067 985 4104 same
1007 4052 1145 4115 authority,
1166 4052 1198 4102 he
1220 4066 1275 4102 was
1300 4056 1382 4102 traua¹

426 4119 655 4170 translationofbis
665 4122 764 4184 bodyto
773 4123 892 4174 Glaston-
916 4123 985 4172 lated
1002 4125 1029 4170 to
1051 4121 1225 4182 Glestonbury
1242 4121 1300 4169 four
1315 4121 1380 4170 bun-

428 4188 493 4249 bury
504 4190 530 4238 in
541 4190 583 4239 the
594 4205 656 4250 year
666 4194 724 4242 961.
736 4190 758 4258 (t
769 4188 856 4254 1691.)
916 4191 980 4240 dred
998 4191 1048 4240 aud
1066 4195 1162 4253 twenty
1172 4205 1248 4254 years
1259 4191 1326 4242 aiter
1340 4191 1381 4242 bis

463 4254 568 4306 ς1)(ιυίιί
579 4260 758 4310 Meuevecsium
773 4260 892 4324 archiepi-
916 4261 1002 4324 death,
1011 4261 1081 4312 AJ).
1093 4265 1151 4312 966.

427 4328 533 4390 scopus]
564 4327 660 4392 David,
685 4329 836 4398 archbisbop
867 4329 896 4402 oi
