3150 5046
181 511 251 558 nm.
271 496 327 576 11.]
403 514 516 562 essm
541 515 668 564 nucum
692 515 909 564 anebonuu.
1069 497 1134 564 367

182 673 414 755 praetendens.
467 674 578 739 Porro
600 676 688 740 illud
709 676 861 739 humana
883 675 1052 739 miracula
1074 695 1137 740 ex-

184 773 287 849 cedit,
317 773 466 838 hominis
490 776 619 839 mortui
651 777 763 840 crines
789 784 825 841 et
848 796 983 858 ungues
1007 777 1136 839 sensim

185 873 380 955 pullulare3
405 894 493 956 quos
512 875 651 953 Oswen,
666 875 827 958 quaedam
855 884 978 940 sancta
1001 877 1137 953 mulier,

188 980 274 1054 quot
302 974 403 1038 annis
427 972 491 1038 bos
514 975 685 1052 tonderet,
714 975 795 1039 illos
822 975 1012 1054 desecaret,
1038 994 1139 1038 sacra

189 1074 411 1137 veneratione
438 1073 587 1156 posteris
612 1073 775 1139 futuros:
807 1083 939 1140 sanctae
962 1077 1139 1140 temerita-

189 1173 234 1236 tis
259 1172 413 1250 foemina‚
437 1193 516 1254 quae
548 1193 665 1239 coram
697 1183 854 1240 cerneret
884 1183 920 1240 et
943 1181 1139 1239 contreeta-

190 1278 243 1335 ret
265 1279 363 1336 artus
381 1273 506 1355 quibus
529 1275 639 1338 omnis
661 1274 804 1338 inferior
822 1274 878 1337 hic
902 1283 956 1338 est
976 1273 1138 1339 mundus

191 1369 242 1436 At
257 1392 326 1436 non
343 1372 394 1436 ita
412 1372 610 1450 Leistanus,
627 1375 817 1456 praecipitis
835 1382 871 1438 et
888 1374 1062 1438 effrenatae
1080 1393 1141 1437 au-

192 1471 302 1535 daciae
317 1471 529 1548 adolescens
546 1473 607 1556 qui
629 1473 695 1537 sibi
717 1492 842 1556 eorpus
858 1474 1022 1556 martyris
1038 1474 1141 1536 minis

193 1571 423 1636 inflatioribus
445 1573 582 1637 ostendi
600 1580 787 1654 exegerat3
810 1573 924 1650 famae,
939 1579 979 1636 ut
993 1573 1142 1650 dicebat,
1238 1646 1240 1651 ,

193 1671 363 1734 incertum
397 1671 465 1735 fide
494 1673 671 1736 oculorum
703 1673 895 1755 ponderare
919 1668 1141 1736 ¹deliberans.

196 1769 351 1851 Ideoque
374 1772 543 1854 praerupti
559 1791 667 1835 ausus
688 1792 830 1855 poenam
844 1773 937 1850 tulit,
953 1790 1072 1835 amens
1095 1770 1144 1834 ef-

195 1869 327 1949 lectus3
356 1878 485 1953 etpost
498 1871 670 1936 modicum
693 1872 886 1936 scaturiens
903 1872 1091 1948 vermibus,
1109 1878 1145 1934 et

195 1977 362 2034 mortuus.
416 1969 528 2036 Novit
549 1972 706 2055 profecto
729 1972 823 2055 quod
848 1972 930 2035 olim
956 1990 1146 2036 consueve-

196 2076 264 2145 rat,
281 2069 379 2133 novit
393 2069 597 2135 Edmundus
611 2072 714 2136 modo
726 2071 840 2136 facere
854 2091 862 2136 ε

269 2217 440 2284 ‘Parcere
455 2219 621 2305 subjectis
639 2229 674 2286 et
689 2221 862 2285 debellare
878 2219 1069 2303 superbos?

200 2366 336 2446 ¹Quibus
350 2368 483 2431 artibus
498 2369 549 2432 ita
563 2368 630 2431 sibi
649 2369 761 2432 omnis
776 2369 970 2432 Britanniae
989 2367 1149 2431 devinxit

198 2467 342 2543 incolas,
358 2473 396 2529 ut
418 2467 557 2530 beatum
580 2485 618 2529 se
642 2465 821 2548 inprimis
844 2472 980 2529 astruat
1003 2467 1061 2547 qui
1079 2485 1149 2528 eoe-

201 2567 342 2631 nobium
375 2566 470 2629 illius
492 2567 549 2630 vel
580 2585 721 2628 nummo
742 2565 799 2628 vel
821 2565 953 2629 valenti
982 2564 1148 2628 illustrat.

203 2666 279 2749 Ipsi
296 2683 434 2746 quoque
452 2683 564 2746 reges,
583 2665 729 2729 aliorum
746 2664 887 2740 domini,
911 2681 1031 2728 servos
1052 2682 1090 2726 se
1106 2665 1148 2728 il-

202 2764 270 2828 lius
293 2764 499 2845 gloriantur,
517 2771 552 2827 et
569 2783 731 2828 coronam
754 2764 786 2826 ei
808 2764 941 2845 regiam
962 2764 1156 2839 missitant,

204 2882 332 2945 magno
350 2863 380 2926 si
397 2863 449 2926 uti
465 2863 589 2927 volunt
605 2863 812 2926 redimentes
829 2863 1045 2927 commercio.
1076 2863 1149 2926 Ex·

205 2969 340 3025 actores
368 2963 605 3044 vectigalium,
627 2963 688 3045 qui
721 2963 808 3026 alias
841 2962 1067 3040 bacchantur,
1096 2962 1150 3026 fas

206 3061 372 3144 nefasque
383 3062 491 3145 juxta
507 3064 701 3140 metientes,
718 3062 767 3127 ibi
784 3064 958 3147 supplices
975 3063 1064 3127 citra
1080 3063 1150 3126 sos·

203 3168 319 3225 satum
345 3162 458 3226 sancti
486 3163 658 3228 Edmundi
683 3164 896 3245 litigationes
924 3161 1065 3240 sistunt,
1088 3175 1151 3226 ex·

205 3262 295 3343 perti
317 3262 504 3328 multorum
526 3283 666 3345 poenam
683 3263 744 3344 qui
760 3261 1051 3344 perseverandum
1068 3255 1151 3344 ²pu·

206 3367 337 3424 terunt.
936 3379 948 3386 ‘¹

205 3515 206 3518 ,
258 3459 377 3542 5214.
406 3459 561 3525 Nomina
594 3479 732 3542 quoque
757 3460 952 3542 puellarum
976 3460 1065 3541 regii
1092 3479 1152 3542 ge·
1165 3469 1308 3571 232th

207 3561 299 3623 neris
318 3559 514 3641 aliquarum
525 3560 595 3624 oris
612 3560 679 3623 mei
696 3560 907 3642 perstringet
918 3560 1130 3642 praeconium
1143 3579 1152 3639 ;
1166 3573 1242 3614 saints·

208 3659 355 3741 praefata
370 3660 553 3724 brevitatis
569 3659 684 3735 venia,
701 3678 806 3742 quam
822 3679 892 3722 non
908 3658 1040 3722 fastidii
1067 3679 1155 3730 nau-

209 3778 281 3835 sea,
306 3760 367 3823 sed
389 3760 634 3834 miraculorum
655 3759 744 3823 facit
764 3759 915 3824 inscitia.
945 3757 1072 3822 -Anna
1093 3777 1157 3822 rex

210 3857 440 3924 Orientalium
456 3857 652 3940 Anglorum
673 3857 795 3922 babuit
816 3857 906 3922 filias
926 3865 1011 3936 nee,
1035 3857 1156 3923 Ethel-

210 4205 213 4211 ,
248 4149 256 4180 ¹
271 4145 436 4216 Deliberatur]
457 4150 487 4200 C.
505 4150 540 4199 D.
560 4151 593 4200 E.
604 4164 611 4209 3
622 4113 671 4198 yde·
699 4148 749 4197 this
758 4149 858 4210 subject
865 4163 954 4197 occurs
962 4149 1160 4200 inMalmes.De

214 4219 467 4280 siderans‚A.S.L.
700 4217 773 4269 Gest.
798 4219 894 4268 Pontii.
921 4220 967 4269 lib.
990 4232 1019 4272 11.
1041 4235 1067 4281 p.
1092 4219 1160 4282 laub,

247 4289 257 4318 ⁹
274 4283 422 4358 Poterant]
445 4289 526 4338 Mucb
543 4303 617 4337 'more
640 4302 672 4337 on
698 4289 761 4339 edit.
774 4288 854 4338 Lond.
