3150 5046
423 486 490 553 ³04
645 501 758 550 crsrn
782 501 909 550 nacon
932 503 1149 552 nnsnonuu.
1231 485 1319 569 [nm.
1336 500 1375 549 11.

425 657 560 736 Emma,
579 657 739 722 Elfredus
761 666 797 722 et
814 658 1017 737 Edwardus,
1039 665 1113 726 toto
1136 661 1374 741 temporeque

425 756 541 822 Cnuto
557 759 659 836 vixit,
675 759 711 822 in
729 757 947 822 Normannia
961 766 1056 822 tutas
1073 758 1190 822 fovere
1209 759 1373 823 latebras.

426 857 481 920 De
511 857 648 921 illorum
685 859 721 921 in
751 858 900 940 patriam
930 858 1148 922 restitutione
1184 857 1374 922 Ricardum

419 957 634 1021 avunculum
658 957 743 1020 nihil
760 957 873 1038 egisse
890 958 1129 1041 comperimus,
1149 958 1237 1040 quin
1257 965 1293 1022 et
1315 977 1372 1021 so·

421 1073 535 1120 rorem
561 1075 660 1120 suam
685 1057 842 1120 Emmam
870 1056 961 1121 hosti
990 1063 1026 1120 et
1049 1057 1201 1122 invasori
1226 1063 1373 1139 nuptum

423 1155 627 1234 collocavit;
654 1156 793 1237 ignores
818 1155 948 1239 maj0re
980 1149 1090 1219 ¹illius
1120 1155 1286 1220 dedecore
1313 1157 1373 1238 qui

423 1253 567 1331 dederit,
601 1274 646 1318 an
682 1255 833 1319 foeminae
867 1275 946 1337 quae
978 1255 1191 1319 consenserit
1222 1262 1263 1319 ut
1293 1255 1371 1319 tha·

422 1352 514 1416 lamo
530 1353 627 1430 illius
652 1354 781 1418 caleret
810 1355 869 1437 qui
892 1355 1005 1418 virum
1031 1353 1259 1431 infestaverit,
1282 1355 1371 1418 filios

422 1452 636 1534 effugaverit.
669 1452 780 1517 Porro
792 1453 979 1532 Robertus,
991 1473 1093 1537 quem
1106 1454 1266 1537 superius
1281 1447 1371 1518 ²dix·

421 1550 511 1616 imus
528 1551 777 1636 lerosolymam
791 1552 908 1630 ivisse,
922 1554 1134 1630 multotiens,
1152 1555 1371 1636 congregatis

422 1652 569 1716 navibus
593 1658 629 1716 et
650 1653 822 1734 impositis
843 1651 1023 1730 militibus,
1039 1653 1286 1736 profectionem
1309 1672 1372 1737 pa-

422 1751 525 1829 ravit,
543 1752 688 1815 subinde
698 1751 866 1836 jactitans
886 1770 923 1816 se
944 1759 1152 1834 pronepotes
1167 1769 1249 1816 suos
1273 1767 1370 1817 coro-

421 1857 605 1915 naturum:
629 1857 664 1915 et
687 1851 913 1933 proculdubio
930 1851 1032 1914 fidem
1058 1851 1160 1915 dictis
1184 1851 1370 1935 explesset,

422 1949 489 2012 nisi
512 1950 595 2033 qnia
616 1947 674 2036 (ut
696 1969 718 2014 a
739 1949 928 2034 majoribus
948 1947 1161 2035 accepimus)
1183 1967 1318 2034 semper
1339 1953 1371 2016 ei

420 2056 546 2114 ventus
577 2049 828 2114 adversabatur
859 2049 1065 2127 contrarius,
1098 2069 1161 2132 per
1197 2038 1370 2115 occultum

420 2148 553 2212 scilicet
568 2148 635 2212 Dei
645 2149 828 2232 judicium,
841 2149 877 2213 in
893 2149 993 2233 cujus
1010 2149 1191 2214 voluntate
1213 2157 1295 2214 sunt
1308 2170 1372 2233 po-

420 2253 565 2312 testates
597 2268 782 2330 regnorum
814 2249 978 2328 omnium.
1032 2248 1204 2331 Reliquiae
1229 2250 1369 2327 ratium,

419 2347 529 2412 multo
564 2353 718 2431 tempore
747 2347 1005 2430 dissolutarum,
1037 2347 1228 2430 Rotomagi
1258 2349 1370 2414 adhuc

421 2453 540 2510 nostra
557 2454 662 2511 aetate
678 2447 893 2514 visebantur.

470 2546 488 2630 §
501 2546 577 2612 181.
600 2545 705 2612 Anno
718 2546 967 2615 incarnationis
982 2545 1175 2612 Dominicae
1189 2547 1370 2614 millesimo

418 2645 551 2711 decimo
575 2647 730 2730 septimo.
749 2646 865 2714 Gnuto
887 2666 1032 2728 regnare
1052 2649 1170 2731 coepit,
1193 2655 1229 2713 et
1244 2649 1371 2730 viginti

418 2747 519 2811 aunis
543 2748 726 2828 regnavit3
757 2747 887 2830 injuste
908 2747 1045 2828 quidem
1065 2766 1212 2828 regnum
1235 2747 1370 2830 ingres·

417 2864 501 2924 sus,
518 2847 579 2910 sed
611 2866 741 2929 magna
772 2846 941 2911 civilitate
966 2852 1002 2910 et
1030 2845 1231 2910 fortitudine
1259 2847 1368 2912 vitam

417 2964 639 3029 componens.
693 2945 820 3032 Primis
843 2945 964 3010 diebus
988 2965 1133 3027 regnum
1157 2947 1194 3009 in
1215 2953 1369 3028 quatuor

417 3045 579 3126 partitus
618 3044 684 3108 sibi
713 3037 1004 3121 west-Saxones
1043 3044 1168 3109 Edrico
1204 3044 1367 3130 Marcios,

417 3141 578 3207 'Purlrillo
605 3143 802 3208 Orientales
816 3142 964 3225 Anglos,
989 3143 1094 3208 Iricio
1115 3143 1366 3209 Northanhim-

418 3243 521 3307 bros:
545 3262 587 3308 ac
609 3245 720 3326 primo
743 3243 981 3323 interfectores
998 3243 1182 3321 Edmundi,
1198 3245 1258 3327 qui
1273 3245 1365 3310 ultro

416 3360 478 3424 spe
493 3343 645 3425 ingentis
665 3344 798 3427 praemii
814 3363 887 3406 rem
904 3342 1111 3420 detulerant,
1134 3343 1227 3426 apud
1249 3363 1287 3408 se
1312 3346 1365 3409 in·

415 3444 516 3506 terim
540 3443 683 3521 celatoS,
700 3461 828 3525 magna
843 3443 1038 3525 frequentia
1058 3439 1179 3525 populi
1200 3444 1368 3525 produxit

414 3541 450 3604 in
465 3543 628 3620 medium,
643 3544 826 3626 palamque
841 3561 952 3624 genus
973 3542 1177 3606 insidiarum
1193 3542 1367 3625 professos

414 3642 585 3725 supplicio
599 3643 723 3707 affecit.
770 3642 970 3724 Eodemque
983 3661 1075 3704 anno
1091 3642 1250 3719 Edricus,
1264 3663 1364 3726 quem

414 3741 518 3824 digne
532 3742 701 3806 infamare
717 3761 787 3805 non
803 3760 959 3831 possum,¹
969 3739 1071 3824 jussu
1086 3741 1191 3822 regis,
1205 3749 1279 3806 arte
1297 3763 1365 3826 qua

412 3840 542 3905 multos
573 3836 790 3924 ³frequenter
818 3840 1093 3928 circumvenerat
1122 3842 1197 3926 ipse
1227 3860 1366 3925 quoque
