3180 5048
449 480 515 545 242
675 494 788 542 onera
812 494 939 542 uacuos
964 494 1179 543 aucnoauu.
1259 479 1405 559 [mnu.

451 659 583 718 sanctae
610 651 678 715 Dei
704 651 859 714 ecclesiae
885 649 1030 714 maculis
1053 650 1276 732 reproborum
1305 649 1405 712 dissi-

453 759 557 836 patur
580 758 616 815 et
640 751 822 833 rumpitur.
881 749 1013 814 Iccirco
1041 749 1259 832 prosutmum
1287 767 1406 812 succe·

455 1011 539 1068 papa,
556 1005 660 1066 gloriosi
681 1005 822 1068 Anglorum
850 1005 918 1067 regis
943 1005 1067 1064 firmavit;
1094 1004 1232 1064 eodemque
1257 1018 1332 1065 anno,
1359 1003 1405 1064 qui

457 1075 563 1137 Edgari,
574 1089 620 1124 nec
636 1091 686 1124 non
696 1080 722 1124 ct
732 1080 827 1124 sanctae
836 1075 918 1123 Doro·
943 1074 993 1122 fuit
1009 1075 1215 1136 nongentesimus
1229 1073 1405 1135 sexagesimus

457 1147 586 1195 vernensis
597 1146 713 1195 ecclesia
729 1145 919 1206 archipraesulis
942 1145 1047 1205 quintus
1058 1144 1200 1193 Dominicae
1217 1143 1406 1204 incarnationis,

458 1215 598 1276 Dunstani,
608 1216 734 1264 submisso
744 1215 862 1276 pulsatus
879 1229 919 1262 ro·
943 1228 1012 1274 papa
1026 1213 1158 1264 Johannes
1177 1214 1265 1262 Romae
1284 1213 1310 1260 in
1330 1225 1405 1273 genc-

459 1288 519 1347 gatu
531 1301 577 1346 pro
587 1286 738 1334 monasterio
756 1288 850 1333 sauctae
862 1284 920 1332 Ma·
943 1284 992 1332 rali
1010 1283 1106 1344 synodo
1123 1283 1302 1343 auctorizavit;
1329 1296 1407 1330 cunc·

458 1355 919 1416 riae,videlicetGlastingebi1-i,qnod
945 1357 1035 1412 tosque
1062 1353 1166 1415 potioris
1190 1353 1332 1414 dignitatis,
1359 1353 1405 1412 qui

457 1424 510 1485 ipsi
521 1425 572 1472 acti
587 1439 671 1473 amore
682 1425 786 1486 superni
797 1425 877 1486 Regis
892 1424 919 1471 in
944 1421 1102 1483 praefuerunt
1111 1423 1193 1470 eidem
1204 1423 1312 1471 concilio
1329 1436 1406 1484 gene-

457 1493 546 1542 multis
563 1497 590 1542 et
607 1496 706 1556 magnis
716 1494 920 1555 possessionibus
944 1493 1002 1553 tali,
1023 1507 1055 1540 ea
1076 1493 1235 1541 corroborare
1262 1493 1405 1552 imperavit.

458 1563 611 1625 ditaverant,
645 1563 823 1612 monachorum
857 1563 920 1611 inibi
945 1562 1108 1622 Perpendant
1135 1575 1195 1622 ergo
1222 1566 1405 1622 contemptores

460 1633 658 1694 multiplicantes
675 1647 920 1695 normum‚prcecep-
944 1635 1021 1680 tantae
1057 1630 1274 1691 interminationis,
1301 1635 1403 1692 quanta

459 1708 535 1764 toque
546 1705 627 1765 regali
638 1705 804 1760 firmaverant,
815 1702 883 1763 qnod
894 1707 920 1750 et
945 1703 1093 1762 subjaceant
1111 1701 1241 1750 sententiae
1260 1715 1405 1750 excommu-

459 1773 515 1833 ipse
525 1771 608 1821 lacere
624 1788 674 1822 non
691 1772 814 1822 differam.
850 1773 919 1823 Quo·
943 1771 1093 1820 nicationisr
1110 1775 1136 1819 et
1146 1771 1249 1832 quidem
1263 1772 1338 1820 beato
1350 1771 1403 1818 Pe·

459 1857 515 1890 rum
526 1843 920 1904 assenuensbenignaepetitioni‚
943 1845 982 1888 tro
1003 1841 1117 1902 apostolo
1143 1840 1253 1901 principi
1278 1841 1404 1901 apostolo-

459 1911 486 1958 in
496 1912 554 1960 sinu
565 1913 686 1961 Romanae
698 1913 814 1961 ecclesiae
825 1916 851 1960 et
860 1913 920 1961 bea·
943 1910 1130 1972 rum,Christus
1136 1910 1233 1972 ligandi
1240 1909 1405 1970 solvendique

459 1985 542 2028 torum
569 1982 738 2042 apostolorum
765 1982 919 2042 protectione
943 1981 1404 2042 praesulatummlavesqueregnicoe·

459 2051 567 2098 eundem
578 2052 661 2100 locum
676 2052 797 2112 suscipio,
807 2056 833 2100 et
843 2052 920 2112 privi-
943 2050 1034 2112 lorum,
1042 2051 1117 2098 simul
1123 2049 1236 2098 tradidit.
1250 2049 1350 2111 Cuique
1358 2064 1405 2098 au-

458 2117 534 2181 legiis
550 2125 637 2169 astruo
654 2125 681 2168 et
697 2121 845 2180 corroboro;
869 2135 920 2180 quo
943 2123 993 2168 tem
1015 2124 1114 2168 constat
1135 2121 1298 2181 perspicuum
1326 2124 1403 2180 atque

460 2189 508 2237 line
524 2193 607 2251 tenus,
617 2191 644 2237 in
655 2204 686 2238 eo
696 2204 747 2250 quo
758 2205 825 2239 nunc
841 2190 920 2251 pollet
943 2190 1056 2251 evidens,
1066 2189 1135 2251 quod
1153 2189 1231 2250 hujus
1248 2189 1355 2250 apostoli
1368 2189 1405 2238 vi·

459 2264 605 2318 permaneat
646 2260 787 2308 monachali
821 2259 917 2310 ordine.
943 2260 1037 2321 carius,
1047 2260 1229 2320 potestatisque
1244 2260 1404 2320 potissimum

460 2327 566 2388 Ipsique
593 2329 708 2377 monachi
731 2329 763 2378 de
785 2329 839 2378 suis
870 2330 918 2378 sibi
942 2329 976 2377 sit
985 2329 1327 2390 baeres,Romanaeecclesiae
1337 2344 1405 2389 prae·

460 2397 597 2446 adhibeant
614 2403 749 2459 pastorem.
785 2398 920 2448 Ordinatio
943 2399 1038 2448 sidens.
1075 2399 1146 2447 Huic
1165 2403 1260 2447 sanctas
1275 2399 1402 2448 memoriae

459 2469 858 2529 rerotammonachcrumqnam
870 2470 920 2518 cle·
943 2468 1072 2517 Johannes
1106 2468 1269 2517 laudabiliter
1300 2469 1404 2530 praefuit

459 2537 568 2586 uicorum
590 2538 616 2585 in
638 2539 741 2587 arbitrio
770 2539 870 2588 abbatis
894 2545 920 2588 et
944 2552 991 2586 suo
1007 2542 1129 2599 tempore,
1146 2541 1175 2586 ut
1193 2537 1319 2600 hodieque
1333 2539 1403 2600 viget

459 2612 597 2656 conventus
607 2608 648 2657 sit.
666 2609 833 2657 Decernimus
843 2610 919 2657 etiam
944 2607 1053 2668 gloriosa
1073 2607 1254 2668 recordatione,
1273 2613 1403 2669 promotus

458 2680 488 2724 ut
497 2677 563 2726 nulli
573 2679 806 2726 omninohominum
814 2679 919 2727 eandem
944 2677 977 2725 ad
989 2677 1016 2725 id
1027 2677 1079 2726 Dei
1089 2678 1217 2738 totiusque
1228 2678 1318 2738 populi
1332 2678 1402 2726 elec-

457 2745 567 2796 insulam
575 2748 714 2808 placitandi
722 2761 810 2808 causa,
821 2749 862 2796 vel
874 2749 920 2796 nli-
943 2748 1020 2796 tione.
1055 2747 1084 2796 si
1105 2761 1165 2809 ergo
1186 2746 1315 2796 decremrn
1336 2748 1405 2796 beati

458 2817 521 2877 quid
542 2817 613 2866 uliud
631 2818 667 2866 ibi
684 2819 858 2878 perscmrtandi
875 2823 920 2867 aut
945 2817 1017 2865 Petri
1027 2817 1135 2877 apostoli
1144 2821 1236 2878 ratum,
1247 2831 1404 2878 consequen·

458 2887 609 2948 corrigendi,
619 2888 712 2935 intrare
723 2887 807 2935 liceat.
825 2887 853 2935 Si
861 2889 919 2946 quis
944 2891 983 2934 ter
992 2891 1018 2935 et
1027 2886 1152 2936 Johaunis
1163 2887 1296 2946 apostolici
1311 2891 1403 2935 ratum.

459 2959 543 3003 autem
555 2955 582 3003 id
592 2956 695 3003 molitus
702 2955 780 3004 suerit
787 2957 920 3018 contraire,
944 2956 995 3004 Sed
1005 2971 1077 3004 nemo
1088 2956 1129 3004 vel
1140 2955 1243 3006 demens
1252 2961 1335 3005 ratum
1346 2971 1402 3006 esse

458 3029 504 3072 aut
520 3025 692 3086 possessiones
708 3025 822 3087 ejusdem
840 3026 926 3074 eccle!
945 3025 1017 3073 Petri
1042 3026 1150 3087 apostoli
1174 3025 1302 3074 decretum
1327 3027 1404 3075 dene-

460 3094 506 3141 sire
530 3093 638 3154 auferre,
659 3095 776 3156 retinere,
798 3095 920 3157 minuere,
944 3100 1004 3156 gat;
1025 3109 1098 3144 nemo
1119 3095 1198 3157 igitur
1219 3109 1289 3144 sanae
1313 3097 1404 3145 mentis

460 3163 502 3210 vel
520 3164 660 3211 temerariis
672 3164 847 3214 vexationibus
862 3164 920 3213 lati-
944 3165 1067 3213 dissimile
1079 3163 1131 3213 iore
1141 3165 1266 3214 Johaunis
1272 3167 1404 3226 apostolici

462 3245 532 3292 gare,
548 3247 581 3281 ex
597 3234 746 3282 auctoritate
762 3233 813 3282 Dei
825 3234 920 3297 Patris,
944 3234 1073 3282 decretum
1099 3239 1232 3295 repugnat.
1279 3237 1335 3284 Aut
1361 3236 1404 3284 isti

461 3305 487 3350 et
502 3301 571 3364 Filii,
582 3307 608 3350 et
617 3303 728 3363 Spiritus
743 3303 838 3364 Sancti,
849 3318 921 3354 sano·
944 3304 1031 3365 itaque
1049 3303 1214 3353 concedentes
1235 3305 1309 3353 beato
1328 3305 1405 3354 Petro

461 3376 546 3431 toeque
561 3373 613 3421 Dei
629 3373 757 3434 genitricis
772 3373 873 3436 Mariae,
890 3390 920 3424 ac
945 3375 1050 3434 suisque
1075 3374 1265 3422 successoribus
1287 3374 1405 3423 collatam

461 3445 603 3491 sanctorum
621 3443 790 3504 apostolorum
809 3444 880 3492 Petri
895 3450 922 3494 et
944 3457 961 3491 a
995 3441 1097 3493 Christo
1128 3447 1287 3504 potestatem,
1321 3447 1405 3493 uana

462 3510 551 3572 Pauli,
575 3513 738 3574 omniumque
768 3518 921 3574 sanctorum,
944 3513 1016 3574 gredi
1038 3514 1174 3561 cessabunt
1199 3514 1264 3562 tanti
1285 3513 1405 3564 interdic·

462 3585 592 3640 perpetua
612 3583 646 3630 sit
661 3583 781 3631 addictus
802 3584 922 3632 maledic·
944 3586 987 3629 tus
1021 3583 1215 3643 auctoritatem
1243 3587 1288 3632 aut
1320 3584 1404 3632 flocci·

461 3650 533 3711 tioni,
549 3651 599 3699 nisi
616 3653 759 3712 resipuerit.
796 3652 921 3702 Omnibus
943 3652 1091 3714 pendentes,
1126 3666 1184 3701 curn
1227 3652 1329 3701 diabolo
1363 3669 1407 3704 su·

461 3733 523 3768 vero
538 3720 620 3768 eidem
641 3721 697 3769 loco
711 3723 784 3783 justa
801 3723 922 3771 serranti-
944 3721 1017 3780 isque
1047 3720 1213 3783 complicibus
1246 3723 1403 3785 praescriptae

461 3787 509 3836 bus
528 3789 561 3836 sit
578 3803 630 3849 pax
643 3790 747 3838 Domini
761 3792 840 3839 nostri
855 3793 921 3842 Jesu
944 3790 1128 3840 maledictionis
1142 3791 1192 3840 sibi
1202 3791 1337 3853 adquirant
1347 3807 1405 3854 per-

462 3856 566 3918 Christi,
585 3858 676 3908 Amen.
712 3859 857 3920 Nostraque
877 3862 921 3910 sti·
944 3861 1101 3920 petultatem.
1140 3861 1246 3910 Consmt
1277 3875 1338 3924 ergo
1362 3877 1406 3911 ne·

460 3927 559 3987 palatio
580 3927 729 3978 inconvulsa
749 3931 923 3990 permaneat.”
944 3930 1036 3978 minem
1062 3933 1238 3980 extraneorum
1260 3929 1328 3979 idem
1349 3946 1404 3980 coe-

460 3997 554 4045 Actum
565 4001 676 4059 tempore
687 3998 840 4048 Aelfuuardi
854 4003 921 4063 ejus·
944 4000 1047 4048 nubium
1069 4001 1118 4048 sibi
1134 4000 1308 4062 proripuisse,
1329 4016 1404 4061 quem

459 4066 516 4115 dem
528 4069 672 4116 monasterii
683 4069 791 4119 abbatis.
944 4083 993 4117 non
1019 4071 1158 4119 constiterit
1180 4069 1238 4136 (nec
1255 4071 1310 4119 sine
1327 4069 1406 4120 dede-

494 4136 584 4186 ‘Haec
607 4138 686 4208 igitur
714 4139 852 4200 praedictus
874 4154 920 4188 rex
945 4135 1014 4202 core)
1030 4141 1165 4199 amisisse;
1181 4139 1303 4199 nullaque
1321 4155 1407 4189 mona·

458 4203 577 4265 Edgarus
596 4207 745 4256 duodecimo
764 4224 830 4258 auno
847 4212 919 4271 regni
944 4208 1048 4257 chorum
1070 4209 1263 4269 machinatione,
1284 4210 1330 4259 sed
1354 4210 1406 4259 Dei

405 4285 418 4316 s
457 4275 498 4322 sui
516 4288 588 4324 sacro
604 4277 697 4337 scripto
709 4278 850 4327 Lundoniae
861 4293 920 4328 con·
938 4278 1039 4338 judicio
1050 4281 1082 4328 ob
1090 4284 1185 4329 sanctae
1196 4279 1355 4329 auctoritatis
1366 4281 1406 4328 ul·
