3150 5046
420 494 487 559 356
643 508 757 558 susm
784 508 911 557 arcun
936 508 1151 558 Auueoauu.
1231 492 1318 574 [ms.
1334 508 1375 556 11.

424 665 533 742 nium,
548 671 600 743 ut,
618 665 648 729 si
662 674 820 732 amantes
835 667 1075 751 conjungeret,
1094 665 1206 730 multo
1222 685 1291 730 aere
1305 665 1376 731 fnl-

426 766 512 829 ciret
526 767 751 850 marsupium,
767 767 804 830 in
818 786 920 831 omne
942 785 980 831 se
1001 766 1179 849 ingenium
1199 767 1292 830 notis
1318 785 1374 830 ar·

428 864 522 930 tibus
543 867 723 945 excitavit,
740 867 1035 950 compositamque
1057 866 1240 949 epistolam
1252 866 1377 949 juveni

429 964 546 1044 dedit3
578 965 724 1044 ‘Vada'
754 967 925 1049 inquiens,
955 966 1042 1029 ‘illa
1070 966 1157 1029 hora
1186 967 1298 1030 noctis
1330 966 1376 1029 ad

430 1065 619 1146 compitum
641 1066 700 1129 ubi
722 1085 759 1130 se
781 1066 881 1131 findit
901 1066 938 1129 in
960 1065 1202 1148 quadruvium,
1225 1072 1261 1129 et
1278 1073 1382 1137 stans,

305 1217 311 1230 .
431 1165 538 1228 tacite
569 1165 761 1229 considera.
824 1165 1012 1229 Transient
1038 1166 1087 1229 ibi
1116 1164 1238 1246 figurae
1267 1164 1377 1229 homi-

431 1283 514 1326 num
535 1265 715 1349 utriusque
737 1285 855 1343 sexus,
875 1266 986 1330 omnis
1007 1265 1135 1342 aetatis,
1158 1265 1270 1328 omnis
1297 1285 1380 1346 gra<

431 1363 509 1441 dus,
523 1365 634 1428 omnis
642 1374 816 1448 postremo
832 1364 1039 1429 conditionis
1052 1385 1060 1444 ;
1079 1363 1219 1447 quidam
1230 1365 1377 1447 equites,

432 1463 572 1546 quidam
587 1465 741 1547 pedites3
757 1463 817 1527 alii
828 1465 960 1529 vultum
973 1465 1011 1528 in
1027 1471 1155 1528 terram
1169 1463 1305 1547 dejecti,
1317 1465 1378 1528 alii

432 1563 564 1628 tumido
591 1563 774 1648 supercilio
799 1564 899 1645 elati3
925 1571 961 1628 et
983 1583 1125 1646 prorsus
1148 1564 1311 1646 quicquid
1333 1565 1378 1627 ad

431 1661 591 1727 laetitiam
613 1664 669 1728 vel
690 1664 867 1728 tristitiam
889 1665 1050 1746 pertinet,
1071 1663 1109 1727 in
1129 1664 1268 1728 illorum
1283 1663 1378 1728 vide-

432 1761 486 1826 bis
507 1770 543 1827 et
557 1763 710 1828 vultibus
733 1770 768 1826 et
789 1764 963 1844 gestibus:
987 1763 1122 1828 nullum
1143 1782 1261 1827 eorum
1283 1783 1377 1826 com·

431 1861 578 1943 pellabis
609 1865 675 1926 etsi
701 1864 890 1945 loquantur
912 1871 1038 1928 tecum.
1089 1862 1261 1946 Sequetur
1283 1863 1378 1935 illam

432 1963 570 2025 turbam
585 1962 738 2046 quidam,
756 1963 897 2046 reliquis
912 1957 1048 2028 statura
1069 1961 1255 2045 procerior,
1268 1961 1379 2027 forma

432 2062 679 2143 corpulentior,
703 2083 805 2127 curru
827 2062 972 2142 sedens3
996 2061 1075 2126 huic
1097 2063 1224 2127 tacitus
1249 2063 1378 2144 episto-

432 2159 502 2222 lam
516 2162 633 2224 trades
649 2162 856 2243 legendam:
880 2163 940 2227 fiet
961 2182 980 2226 e
996 2161 1145 2245 vestigio
1161 2161 1254 2245 quod
1271 2162 1377 2238 voles,

431 2257 487 2323 fae
504 2266 638 2324 tantum
655 2263 820 2344 praesenti
834 2263 950 2326 animo
969 2261 1039 2326 sis!
1091 2259 1305 2343 Aggreditur
1319 2262 1378 2325 ille

431 2358 499 2434 ite'r
519 2367 743 2444 praeceptum,
760 2369 807 2439 et,
823 2369 925 2438 nocte
946 2362 1011 2425 sub
1028 2360 1108 2425 divo
1132 2368 1264 2438 astans,
1277 2360 1378 2424 fidem

433 2457 603 2523 dictorum
631 2461 824 2545 presbyteri
851 2462 927 2526 visu
953 2461 1136 2543 explorat3
1168 2460 1253 2525 nihil
1287 2461 1377 2524 enim

433 2557 500 2622 snit
522 2559 614 2643 quod
638 2561 751 2624 minus
776 2561 955 2645 promissis
977 2554 1217 2626 ¹desideraret.
1281 2560 1379 2626 Inter

433 2665 578 2723 caeteros
602 2679 739 2743 quoque
764 2666 983 2724 transeuntes
1007 2659 1096 2725 vidit
1119 2659 1296 2750 mulierem
1323 2680 1379 2723 or-

432 2765 518 2822 natu
542 2760 735 2824 meretricio
748 2761 877 2824 mulam
901 2761 1174 2843 inequitantem;
1196 2759 1301 2846 crinis
1323 2777 1379 2823 so·

431 2856 526 2922 lutus
548 2858 698 2923 humeris
719 2860 939 2937 involitabat,
962 2879 1064 2942 quem
1078 2859 1168 2924 vitta
1192 2878 1300 2923 aurea
1320 2877 1378 2922 su·

431 2977 538 3039 perne
567 2960 845 3039 constrinxerat3
880 2959 917 3022 in
948 2959 1108 3026 manibus
1145 2977 1251 3022 aurea
1278 2959 1378 3040 virga

431 3075 501 3138 qua
512 3058 745 3140 equitaturam
759 3060 921 3140 regebat:
936 3059 1025 3141 ipsa,
1042 3077 1106 3140 pro
1121 3059 1292 3124 tenuitate
1301 3077 1378 3122 ves·

431 3155 518 3218 tium
541 3175 630 3239 pene
652 3157 758 3234 nuda,
774 3167 893 3239 gestus
915 3158 1107 3240 impudicos
1128 3158 1375 3240 exequebatur.

432 3252 525 3332 Quid
554 3256 679 3339 plural
721 3257 887 3335 Ultimus,
915 3257 976 3341 qui
999 3257 1158 3322 dominus
1181 3257 1377 3335 videbatur,

430 3355 548 3420 oeulos
563 3356 733 3421 terribiles
749 3357 786 3420 in
798 3357 963 3442 juvenem
976 3376 1163 3434 exacuens,
1180 3357 1224 3421 ab
1239 3375 1307 3420 axe
1319 3376 1376 3420 su-

429 3455 537 3535 perbo
559 3457 751 3539 smaragdis
775 3465 811 3521 et
829 3459 1012 3521 unionibus
1033 3457 1237 3539 composito,
1253 3475 1376 3520 causas

430 3552 600 3618 adrentus
629 3557 802 3639 exquirit:
843 3553 929 3620 nihil
958 3557 1016 3621 ille
1045 3563 1178 3634 conus,
1210 3554 1270 3620 sed
1297 3576 1376 3646 pro-

429 3659 527 3716 tenta
547 3673 652 3718 manu
675 3657 823 3739 porrigit
847 3655 1040 3739 epistolam.
1081 3657 1241 3732 Daemon,
1258 3662 1377 3728 notum

428 3751 581 3834 sigillum
609 3773 678 3817 non
702 3774 808 3819 ausus
831 3762 1061 3833 contemnere,
1084 3755 1169 3836 legit
1188 3754 1374 3838 scriptum3

429 3871 591 3936 moxque,
606 3853 755 3917 brachiis
768 3855 804 3917 in
820 3855 948 3930 coelum
963 3854 1076 3932 elatis,
1090 3861 1101 3890 ‘
1114 3854 1235 3932 Deua,’
1251 3855 1375 3936 inquit,

429 3944 704 4036 ‘'omnipotens,
732 3953 898 4035 quamdiu
926 3954 1069 4037 patieris
1101 3954 1273 4038 nequitias
1305 3953 1375 4017 Pa-

461 4159 470 4194 ¹
493 4157 680 4231 Deciderant]
709 4164 742 4212 E.
752 4179 759 4226 ;
787 4164 888 4215 deside·
898 4161 901 4198 ¹
912 4165 953 4226 cuj
957 4177 988 4212 us
1000 4169 1138 4226 conspeetu
1149 4178 1222 4215 omne
1240 4168 1373 4225 peccatum

424 4247 504 4292 raras,
515 4233 548 4282 A.
561 4233 589 4282 S.
603 4235 633 4284 C.
645 4233 679 4282 D.
692 4234 724 4282 L·
911 4238 950 4282 est
962 4238 1083 4294 tanquam
1096 4234 1182 4296 soetor,
1200 4234 1229 4283 S.
1242 4233 1311 4293 Las
1334 4234 1373 4281 in·

459 4297 660 4370 ’Omnipoteas.]
673 4303 707 4354 A.
717 4304 747 4354 G.
757 4303 792 4354 D.
798 4303 830 4351 E.
840 4319 847 4366 ς
859 4303 886 4352 in
911 4303 1018 4353 terlined
1030 4304 1056 4353 in
1067 4303 1123 4355 121.
1135 4305 1168 4365 by
1181 4319 1198 4354 n
1208 4303 1272 4353 later
1283 4302 1360 4353 hand.
