3190 5060
267 1869 363 1909 Aceount
370 1871 394 1910 ol

267 1919 351 1960 alcuin.

430 471 475 534 94
601 489 770 556 ¹<rusve
796 489 922 536 aucun
947 463 1158 537 nwhuoauu.
1256 478 1340 558 [nra.
1359 493 1383 540 1.

432 651 467 708 et
483 644 648 708 educatus
671 643 815 724 fueram,
844 653 879 709 et
903 654 1070 728 praeesset
1095 647 1265 713 thesauris
1292 653 1384 734 sapiss

399 829 401 832 y
431 745 534 808 entiae
550 746 587 808 in
608 747 731 828 quibus
752 767 807 809 me
823 739 1005 827 ¹magister
1026 767 1122 811 mens
1143 749 1290 813 dilectus
1313 751 1384 834 Eg-

432 845 550 908 bortus
573 845 850 928 archiepiscopus
873 845 1044 910 haeredem
1070 849 1232 929 reliquit?
1293 849 1383 916 Item

431 936 584 1009 ²Karolo
597 943 779 1027 Augusto:
804 953 813 980 ‘
826 947 918 1010 Date
926 947 1010 1010 mihi
1018 947 1260 1030 exquisitiores
1272 951 1385 1014 erudi-

431 1044 535 1108 tionis
559 1045 775 1110 scholasticae
798 1046 943 1123 libellos,
960 1046 1080 1128 quales
1094 1049 1131 1111 in
1145 1050 1260 1130 patria
1278 1049 1384 1114 habui

430 1165 493 1226 per
514 1147 640 1209 bonam
654 1153 689 1209 et
701 1145 959 1210 devotissimam
982 1148 1138 1229 magistri
1160 1149 1227 1212 mei
1241 1148 1384 1231 Egberti

431 1243 679 1328 archiepiscopi
692 1246 908 1310 industriam.
960 1246 1018 1324 Et,
1032 1247 1062 1310 si
1077 1247 1191 1329 placet
1201 1249 1383 1332 sapientiae

430 1353 568 1421 vestrae,
593 1346 764 1409 remittam
790 1345 924 1428 aliquos
950 1365 995 1409 ex
1020 1347 1137 1429 pueris
1160 1349 1299 1426 nostris,
1323 1352 1382 1432 qui

429 1445 606 1526 excipiant
630 1444 710 1508 inde
737 1465 883 1528 quaeque
917 1448 1122 1523 neccssaria,
1152 1454 1187 1512 et
1215 1448 1382 1514 revehant

428 1544 466 1607 in
481 1545 664 1608 Franciam
678 1545 780 1609 flores
796 1546 999 1623 Britanniae,
1016 1555 1051 1611 et
1066 1567 1136 1611 non
1158 1549 1204 1612 sit
1226 1557 1380 1613 tantum·

428 1643 531 1708 modo
552 1645 589 1706 in
612 1645 769 1709 Eboraca
792 1645 912 1709 hortus
928 1647 1122 1725 conclusus,
1145 1648 1205 1711 sed
1227 1650 1331 1713 etiam
1346 1651 1382 1713 in

429 1744 604 1808 Turonica
619 1746 819 1809 emissiones
833 1744 1009 1827 paradisi.'

481 1844 567 1927 §aa
592 1844 662 1907 Hic
678 1852 731 1909 est
748 1843 927 1908 Alcwinus
944 1847 1014 1928 qui,
1038 1853 1077 1909 ut
1100 1837 1186 1924 dixi,
1206 1867 1269 1928 pro
1295 1868 1380 1930 pace

429 1943 613 2006 Franciam
635 1943 773 2022 missua
796 1945 844 2008 ibi
867 1944 958 2027 apud
983 1944 1164 2022 Karolum‚
1188 1965 1248 2010 seu
1278 1955 1380 2012 terrae

427 2045 629 2108 amoenitate
644 2063 705 2106 seu
731 2044 821 2126 regis
844 2043 1060 2108 humanitate
1083 2053 1218 2128 captus,
1232 2048 1378 2128 resedit3

427 2143 613 2225 magnique
626 2143 718 2226 apud
734 2163 811 2208 eum
825 2144 963 2208 habitus
978 2145 1190 2227 imperialem
1213 2147 1376 2232 animum,

426 2250 594 2324 quantum
618 2245 662 2307 ab
684 2244 805 2307 aulicis
827 2245 918 2307 curis
941 2246 1100 2320 vacabat,
1121 2244 1314 2324 dialectica,
1342 2256 1378 2312 et
1428 2251 1432 2260 ‘

426 2343 610 2421 rhetorica,
625 2351 661 2408 et
683 2344 787 2408 etiam
812 2343 1023 2408 astronomia
1046 2345 1152 2426 probe
1174 2349 1378 2428 composuit.

427 2442 514 2506 Erat
537 2445 629 2506 enim
652 2443 803 2507 omnium
830 2441 1037 2525 Anglorum,
1054 2464 1141 2525 quos
1169 2444 1306 2527 quidem
1328 2448 1378 2512 le-

426 2542 547 2623 gerim,
566 2551 646 2626 post
666 2545 804 2607 beatum
821 2542 1017 2607 Aldelmum
1035 2553 1070 2608 et
1090 2544 1233 2622 Rodum,
1249 2547 1378 2611 doctis-

424 2643 545 2720 simus,
562 2644 746 2726 multisque
763 2644 860 2707 libris
877 2645 1008 2725 ingenii
1025 2644 1214 2726 periculum
1229 2639 1340 2712 ³fecit.

478 2743 567 2827 §67.
594 2744 697 2821 Sane,
725 2743 888 2827 quoniam
914 2743 958 2808 ad
981 2744 1016 2806 id
1043 2744 1196 2808 locorum
1221 2748 1377 2812 vonimus

383 2940 393 2951 '
461 2942 607 3006 ¹Mugiater
627 2959 694 2992 merra
714 2944 818 2993 dilectus
836 2946 889 3006 Eg·
950 2943 1064 2995 2Κανοὶο
1080 2946 1216 3010 Augusta]
1245 2949 1303 2997 Alc.
1327 2949 1378 3012 Op.

423 3014 508 3062 bertus
518 3009 732 3080 archiepiscopus]
750 3015 831 3063 There
843 3015 889 3064 has
915 3021 999 3066 boma.
1007 3018 1116 3078 vol.r.p.
1122 3020 1163 3066 52.
1171 3018 1245 3078 epist.
1254 3031 1368 3070 xxxvrrr.

425 3085 489 3132 been
501 3089 569 3133 some
581 3084 660 3132 doubt
673 3084 812 3146 expressed
823 3099 852 3134 as
863 3090 889 3133 to
952 3083 1066 3150 ³Ferit.]
1078 3086 1179 3136 ΑΜ.
1190 3103 1197 3148 3
1208 3087 1274 3136 aiter
1284 3088 1378 3152 ‘lecit'

425 3153 510 3202 which
522 3154 550 3202 of
563 3153 680 3203 Alcuin’s
696 3158 802 3202 masters
819 3155 842 3202 is
854 3156 888 3203 al·
916 3156 946 3204 S.
960 3158 990 3206 C.
1002 3157 1041 3206 M.
1052 3156 1114 3205 read
1125 3157 1134 3185 ‘
1145 3158 1221 3206 Jacet
1231 3158 1258 3205 in
1269 3158 1378 3209 Francia

339 3283 343 3290 Ι
425 3223 504 3272 luded
522 3229 548 3273 to
567 3225 594 3272 in
611 3223 661 3272 this
678 3225 759 3274 letter.
794 3225 890 3274 Alcuin
915 3227 984 3286 apud
1002 3227 1123 3275 Sanctum
1138 3227 1252 3276 Paulum
1272 3228 1378 3278 deCor·

424 3294 528 3343 studied
539 3294 620 3342 under
630 3294 690 3342 both
699 3294 827 3355 Ecgberht
838 3295 889 3343 and
914 3297 1018 3358 murico,
1029 3296 1098 3357 quod
1112 3297 1255 3346 coenobium
1266 3298 1378 3350 Karalus

425 3364 466 3412 his
478 3378 609 3413 successor
619 3363 793 3426 Aetbelberht,
805 3379 834 3412 as
846 3365 888 3414 the
914 3381 1021 3428 magnus
1032 3368 1088 3428 ejus
1099 3367 1204 3417 consilio
1220 3371 1377 3432 construxit;

425 3434 753 3483 authorofhislifewrites:
766 3435 889 3496 ‘Ecgber·
914 3437 981 3485 unde
1004 3437 1130 3496 hodieque
1157 3441 1266 3497 quatuor
1292 3453 1378 3488 mona-

425 3509 461 3565 to,
477 3510 514 3554 αθ.
530 3509 589 3566 766,
603 3508 633 3552 13
645 3505 694 3554 cal.
706 3505 772 3554 Dec.
783 3509 889 3568 mortuo,
914 3505 1017 3554 chorum
1027 3507 1110 3555 victus
1121 3511 1148 3554 et
1158 3511 1233 3568 potus
1244 3521 1290 3569 pro
1306 3509 1376 3570 ejus·

426 3573 553 3624 Alcuinus
569 3574 655 3623 divino
672 3589 774 3623 munere
786 3575 887 3624 Elcber-
913 3575 970 3623 dern
989 3576 1094 3625 Alcuini
1115 3577 1200 3625 anima
1221 3577 1376 3638 quotidiana

424 3649 478 3692 turn
497 3659 542 3693 seu
561 3644 709 3693 helbertum
728 3645 783 3692 loco
801 3646 888 3694 amissi
912 3646 1019 3695 infertur
1047 3647 1206 3695 eleemosinae
1234 3647 1261 3694 in
1287 3648 1377 3698 eadem

424 3715 572 3774 magistrum
580 3714 696 3774 accepit!
714 3714 887 3776 Malmesbury
912 3716 1039 3765 eeclesia!
1080 3716 1134 3764 The
1156 3730 1265 3778 passage
1287 3731 1377 3768 occurs

424 3783 483 3831 here
495 3784 546 3830 and
556 3783 694 3832 elsewhere
702 3784 765 3832 calls
776 3784 828 3831 him
837 3785 888 3846 Eg·
912 3785 938 3832 in
958 3786 999 3834 the
1019 3786 1117 3846 margin
1136 3786 1162 3834 in
1178 3785 1214 3836 D.
1231 3787 1331 3836 written
1350 3789 1377 3836 in

422 3852 767 3913 bertus‚andidentifieshim
774 3853 839 3901 with
846 3854 887 3903 the
912 3855 954 3903 the
973 3870 1041 3904 same
1060 3855 1137 3904 hand.
1181 3856 1254 3904 Some
1273 3857 1377 3907 authors

424 3923 575 3984 archbishop
586 3923 644 3971 who
661 3924 779 3973 obtained
795 3924 837 3972 the
849 3939 888 3973 re·
912 3924 990 3972 affirm
1006 3925 1061 3973 that
1072 3925 1167 3974 Alcnin
1177 3939 1233 3974 was
1249 3926 1339 3976 buried
1350 3929 1376 3976 in

424 3995 543 4042 storation
550 3993 579 4042 os
586 3993 629 4041 the
635 3993 835 4056 archiepiscopal
844 4008 887 4043 see
911 3994 953 4044 the
964 3995 1047 4056 abbey
1057 3995 1086 4043 ol
1094 3995 1130 4044 St.
1143 3995 1240 4044 Martin
1247 3996 1279 4044 de
1287 3997 1378 4062 Tours,

424 4063 450 4110 in
468 4068 526 4113 ⁷35.
570 4063 623 4111 The
643 4063 777 4124 similarity
796 4064 825 4112 oi
844 4063 886 4113 the
911 4065 996 4114 where
1013 4065 1044 4114 he
1061 4065 1122 4113 died
1139 4065 1198 4113 rath
1209 4065 1294 4128 April,
1305 4067 1375 4118 Aa).

423 4148 519 4196 names,
534 4133 602 4181 often
618 4133 777 4183 confounded
793 4135 828 4195 by
844 4133 887 4182 the
911 4138 968 4184 804.
1005 4135 1042 4184 St.
1052 4135 1119 4183 Paul
1127 4135 1160 4183 de
1169 4135 1376 4186 Gormaricowas

424 4202 537 4251 Norrnan
562 4203 667 4265 scribes,
689 4203 735 4252 has
762 4203 885 4266 probably
911 4205 1090 4253 acelltothat
1106 4206 1197 4266 abbey.
1233 4203 1376 4271 (Bouquet,

424 4273 498 4333 given
509 4273 559 4322 rise
570 4277 595 4321 to
607 4273 649 4321 the
660 4274 784 4334 question.
911 4278 970 4324 tom.
982 4290 1007 4324 v.
1019 4290 1046 4337 p.
1057 4271 1128 4339 765.)
