3150 5046
410 486 475 578 '300
624 508 749 556 cnsru
773 506 900 555 arcun
924 507 1137 556 Ancuouun.
1217 493 1305 574 [mn.
1322 509 1362 559 11.

252 686 355 728 oestuo
409 665 475 728 bus
488 665 597 746 copiis
614 665 734 728 urbem
749 663 952 728 adoriretur.
987 663 1055 728 Sed
1072 663 1242 747 praevenit
1257 683 1361 728 cona-

250 738 371 829 iiiiii:
410 772 484 828 tum
501 764 578 847 ejus
596 783 689 828 mors
707 764 906 845 Ethelredi;
923 783 1004 827 nam
1016 757 1069 826 ¹in
1084 763 1185 827 initio
1198 762 1359 841 Quadra·

408 865 563 944 gesimae,
586 862 642 926 die
662 865 775 927 sancti
792 859 981 945 ²Gregorii,
1005 863 1168 940 animam,
1184 863 1360 928 laboribus

410 969 445 1026 et
468 963 615 1026 miseriis
639 971 769 1040 natam,
795 962 944 1027 efflavit:
964 962 1061 1045 jacet
1084 962 1177 1044 apud
1200 970 1360 1026 sanctum

249 1083 364 1124 mumma
411 1061 559 1126 Paulum
579 1062 781 1127 Londoniae.
829 1060 1005 1144 Oppidani
1020 1061 1238 1125 Edmundum
1252 1063 1289 1126 in
1305 1082 1359 1126 re-

247 1133 488 1244 iiiiiiffleim'gem
518 1162 746 1226 conclamant.
800 1161 894 1244 Ipse,
920 1181 1001 1224 mox
1025 1167 1237 1242 congregato
1258 1180 1359 1225 exer-

247 1232 306 1282 ¹¹”³'
406 1262 493 1338 citu,
509 1261 601 1344 apud
619 1261 775 1325 Pennam
786 1253 834 1325 ⁸et
845 1259 1066 1341 Gilingebam
1084 1260 1206 1324 Dunos
1222 1260 1360 1342 fugavit

409 1361 530 1424 diebus
545 1360 797 1442 Rogationum.
851 1359 938 1424 Post
956 1359 1082 1423 festum
1097 1360 1209 1423 sancti
1223 1358 1248 1424 J
1251 1360 1360 1424 obun-

408 1461 474 1537 nis,
498 1459 542 1523 ad
570 1453 814 1524 *seorstanum
846 1458 974 1522 eisdem
1005 1477 1223 1541 congressae,
1250 1460 1359 1543 eequis

405 1559 568 1622 manibus
588 1559 767 1638 discessit3
790 1555 916 1640 Anglis
941 1559 1014 1621 suis
1039 1558 1175 1622 initium
1195 1558 1289 1640 fugae
1305 1558 1357 1622 fa·

305 1725 310 1733 ,
408 1657 577 1722 cientibus
599 1665 740 1723 auctore
764 1657 901 1734 lidrico,
928 1659 988 1739 qui
1010 1659 1047 1720 in
1069 1665 1169 1740 parte
1194 1657 1357 1722 adversa·

406 1759 536 1822 riorum
557 1765 668 1835 stane,
690 1765 725 1821 et
746 1757 901 1839 gladium
920 1757 957 1819 in
978 1776 1084 1822 manu
1107 1764 1240 1834 tenens,
1255 1777 1358 1840 quem

406 1858 444 1920 in
469 1877 600 1940 pugna,
624 1857 774 1939 quodam
796 1856 927 1920 rustico
947 1856 1093 1938 impigre
1114 1875 1217 1933 caes0‚
1235 1875 1357 1920 cruen-

407 1962 513 2034 tarat,
536 1957 710 2040 ‘Fugite'
735 1957 859 2039 inquit,
886 1955 1022 2019 ‘miseri
1043 1955 1172 2036 fugite!
1191 1975 1270 2019 ecce
1295 1975 1357 2019 rex

407 2063 523 2119 vester
536 2055 602 2119 boc
616 2075 697 2119 ense
709 2055 843 2118 occisus
858 2061 911 2118 cst
925 2055 945 2118 !'
986 2055 1174 2136 Fugisscnt
1191 2055 1356 2120 continuo

407 2153 515 2236 Angli
526 2155 593 2218 nisi
606 2173 682 2232 rex,
696 2154 839 2236 cognita
848 2173 897 2231 re,
908 2155 945 2217 in
956 2153 1085 2218 editum
1100 2153 1271 2236 quendam
1286 2156 1357 2219 col-

406 2253 474 2316 lem
488 2254 701 2336 procederet,
721 2254 838 2318 ablata
853 2253 955 2334 galea
977 2260 1082 2336 caput
1095 2272 1195 2317 suum
1218 2254 1357 2318 commi-

406 2352 571 2416 litonibus
589 2359 781 2417 ostentans,
825 2353 938 2431 Tunc‚
961 2352 1101 2435 quantis
1123 2353 1356 2436 poteratviri-

406 2453 472 2516 bus
495 2452 621 2517 hastile
644 2452 792 2517 ferreum
814 2453 1029 2536 intorquens
1048 2454 1085 2515 in
1103 2452 1266 2517 Edricum
1293 2454 1356 2518 mi-

408 2553 474 2632 sit;
501 2553 562 2616 sed
578 2554 622 2616 ab
641 2553 702 2616 illo
720 2553 909 2634 praevisum
932 2559 967 2616 et
980 2551 1141 2630 vitatum,
1159 2553 1196 2615 in
1210 2553 1355 2618 militem

406 2671 515 2734 prope
532 2659 682 2717 stantem
699 2652 869 2735 peccavit,
883 2651 970 2715 adeo
991 2657 1031 2714 ut
1054 2651 1201 2715 alterum
1217 2672 1355 2736 quoque

408 2749 570 2832 affigeret.
624 2751 708 2815 Nox
730 2751 888 2833 praelium
913 2751 1063 2828 diremit,
1093 2751 1232 2816 aciebus
1256 2753 1355 2834 quasi

407 2870 453 2913 ex
471 2851 691 2916 conniventia
713 2850 982 2928 discedentibus,
1000 2849 1127 2932 Anglis
1150 2858 1267 2914 tamen
1281 2853 1354 2916 vic·

408 2951 533 3014 loriam
557 2969 645 3033 pene
670 2950 909 3032 sperantibus;
937 2967 1005 3032 quo
1025 2949 1130 3027 facto,
1145 2949 1354 3015 west-Sax-

408 3068 512 3112 onum
537 3051 695 3114 conversi
723 3050 830 3114 animi
852 3049 1028 3113 dominum
1058 3049 1250 3131 legitimum
1273 3070 1354 3133 cog-

407 3156 592 3212 noverunt.
644 3149 727 3231 Ipse
749 3149 966 3213 Londoniam
994 3148 1183 3226 contendit,
1203 3157 1243 3213 ut
1267 3150 1354 3214 bene

405 3247 547 3311 meritos
562 3247 656 3312 cives
678 3248 852 3325 liberaret,
870 3267 957 3331 quos
972 3267 1053 3329 pars
1067 3248 1219 3311 bostium
1234 3250 1352 3313 statim

400 3353 485 3429 post
499 3346 689 3411 discessum
702 3367 802 3411 suum
818 3347 1006 3411 incluserat
1018 3367 1027 3427 3
1051 3341 1163 3412 ⁵sossu
1177 3349 1282 3411 etiam
1295 3368 1353 3412 ur-

400 3581 402 3590 .
440 3537 493 3592 llo
510 3540 583 3588 initio
602 3537 810 3601 Quudrogesimoe,
827 3537 867 3588 dic
892 3541 996 3588 estona
1011 3539 1096 3588 which
1113 3540 1217 3589 divided
1236 3541 1279 3590 the
1296 3542 1353 3592 four

404 3611 483 3661 suncti
505 3609 632 3671 Gregorii,
648 3610 753 3658 animum
770 3640 815 3658 ...
833 3606 868 3667 es·
892 3609 1006 3657 counties
1024 3609 1054 3657 ot
1066 3608 1175 3672 Oxford‚
1193 3609 1353 3677 Gloncester,

398 3679 497 3742 flacit]
514 3679 660 3740 According
678 3683 704 3726 to
720 3678 763 3725 the
780 3677 866 3726 Saron
891 3678 1044 3740 Worccster,
1055 3679 1105 3726 and
1115 3679 1256 3729 Warwick.

405 3748 539 3798 chronicle
559 3749 609 3797 and
621 3748 750 3807 Floreucc,
762 3746 866 3795 Aethel·
926 3745 937 3774 ⁸
948 3747 1025 3795 Fossa
1035 3749 1108 3797 dium
1118 3747 1210 3811 urbana,
1219 3749 1352 3812 quofluuio

404 3817 449 3867 red
466 3818 526 3866 died
545 3822 572 3865 at
583 3817 687 3866 London
697 3831 731 3866 on
742 3816 866 3878 Monduy,
893 3816 1004 3866 Tomari
1014 3832 1060 3865 noa
1071 3818 1184 3880 alluitur,
1192 3818 1261 3877 soris
1277 3823 1351 3868 totum

405 3887 467 3936 nard
490 3887 566 3948 April
584 3887 634 3952 (St.
651 3886 774 3948 George's
792 3882 866 3949 day),
889 3885 1024 3950 cinxerat]
1040 3887 1093 3936 The
1103 3888 1190 3936 trencb
1206 3902 1314 3948 appears
1325 3894 1351 3937 to

403 3956 474 4006 An).
486 3960 560 4005 1⁰16.
890 3955 953 4004 have
965 3957 1028 4005 been
1039 3957 1113 4006 made
1121 3971 1153 4004 on
1161 3957 1204 4006 the
1212 3957 1286 4006 south
1295 3958 1350 4007 side

438 4020 600 4092 ’Gregmq
613 4025 646 4073 So
659 4024 685 4072 in
693 4023 777 4072 ullthe
787 4023 863 4073 MSS.
889 4024 919 4073 of
926 4025 968 4075 the
980 4027 1056 4087 river,
1067 4027 1117 4075 and
1128 4025 1171 4075 tho
1183 4027 1254 4087 ships
1261 4027 1351 4076 drawn

402 4095 449 4144 but
470 4110 510 4143 we
538 4095 630 4144 sbordd
656 4094 781 4155 probably
802 4093 864 4142 read
889 4098 915 4142 to
934 4094 976 4143 the
994 4101 1059 4144 west
1078 4096 1133 4145 side
1150 4096 1180 4145 of
1198 4096 1241 4146 the
1260 4097 1349 4159 bridge

401 4164 542 4226 ‘Georgii'
888 4169 914 4212 to
936 4165 1038 4226 besiege
1056 4165 1098 4213 the
1123 4165 1183 4227 city.
1213 4164 1273 4230 (See
1288 4166 1349 4216 Sux.

436 4232 514 4296 Ἢ]
534 4234 564 4281 C.
573 4233 606 4281 Ε.
615 4247 623 4292 ;
631 4233 718 4294 juxta,
728 4229 862 4282 ΛΜΗ.
888 4231 994 4297 Chr-on.)
1029 4235 1084 4283 The
1095 4235 1143 4283 site
1158 4235 1187 4284 of
1198 4235 1250 4285 this
1261 4236 1348 4285 trench

436 4300 445 4329 ⁴
457 4301 636 4364 Sacrorum]
649 4301 783 4362 Supposed
794 4307 819 4350 to
831 4303 862 4350 bc
887 4303 910 4352 is
921 4308 964 4352 not
975 4318 1033 4352 now
1044 4308 1070 4353 to
1081 4306 1112 4353 bc
1123 4304 1219 4354 treced.
