3190 5060
192 503 332 583 mnu]
416 518 529 566 onsrn
554 518 680 566 annun
705 517 918 566 nncuonun.
1080 501 1145 566 165

192 696 326 754 norum,
355 677 437 741 veni
464 676 508 740 ad
536 696 600 740 me.
653 676 733 740 Scio
763 675 854 758 quod
883 694 945 759 per
970 677 1145 759 poenalem
1157 691 1260 756 currat

190 777 303 840 locum
329 777 468 852 venisti,
490 777 549 839 ubi
578 783 631 839 est
655 784 755 859 pater
781 784 875 852 tuus,
902 775 1010 839 frater
1034 795 1144 853 meus,
1156 746 1234 786 mm

111 867 113 870 ’
191 877 325 958 positus
342 877 379 938 in
395 877 536 940 thermis
553 876 618 938 sibi
632 874 834 956 destinatis3
856 876 915 939 sed
931 895 993 956 per
1011 876 1144 939 miseri-

192 975 342 1038 cordiam
365 976 434 1040 Dei
457 975 622 1039 citissime
643 975 686 1038 de
708 974 777 1038 illis
799 974 999 1060 liberabitur
1019 977 1144 1057 poeniS,

192 1075 282 1144 sicut
302 1081 338 1138 et
360 1093 424 1138 nos
446 1074 582 1138 liberati
603 1092 733 1150 sumus,
753 1075 883 1138 meritis
906 1074 1018 1138 sancti
1034 1073 1143 1151 Petri,

192 1175 371 1256 sanctique
396 1175 555 1256 precibus
579 1173 741 1255 Remigii,
768 1175 824 1236 cui
854 1174 951 1237 Deus
979 1192 1142 1254 magnum

192 1275 425 1356 apostolatum
453 1273 548 1336 dedit
577 1291 682 1354 super
710 1292 809 1354 reges
833 1280 869 1337 et
897 1292 1001 1355 super
1020 1281 1142 1354 gentes

193 1374 425 1452 Francorum
460 1372 519 1454 qui
547 1372 614 1434 nisi
636 1371 830 1454 quisquiliis
857 1380 985 1437 nostrae
1015 1392 1142 1456 propa-

193 1473 283 1554 ginis
316 1473 525 1554 suffragatus
552 1469 656 1534 fuerit
687 1479 723 1535 et
748 1471 932 1555 adjuverit,
960 1471 1035 1555 jam
1057 1472 1141 1536 defi-

191 1572 260 1635 ciet
285 1571 489 1653 genealogia
513 1578 634 1635 nostra
656 1571 833 1652 regnando
856 1580 892 1635 et
918 1571 1139 1654 imperando:

190 1671 281 1734 unde
295 1672 383 1734 scito
397 1670 557 1753 quoniam
573 1670 715 1733 tolletur
727 1671 821 1733 ocius
839 1677 993 1753 potestas
1006 1671 1140 1751 imperii

190 1771 232 1834 de
247 1789 351 1833 manu
360 1778 432 1847 tua,
444 1779 480 1835 et
493 1776 615 1852 postea
628 1769 938 1852 parvissimovives
952 1770 1140 1851 temporeJ’

191 1870 302 1946 Tunc,
311 1889 497 1935 conversus
512 1876 633 1933 contra
645 1889 710 1945 me,
723 1869 927 1934 Lodowicus
943 1868 1032 1932 dixit
1044 1869 1140 1946 mihi,

190 1968 413 2052 “Imperium
434 1970 525 2052 quod
548 1969 714 2033 hactenus
730 1969 883 2045 tenuisti,
895 1968 975 2052 jure
994 1968 1140 2031 baeredi-

190 2069 280 2133 tario
299 2069 563 2151 debetrecipere
575 2062 791 2132 ¹Lodowicus
806 2068 896 2130 filius
912 2068 992 2130 filiae
1008 2087 1093 2130 meae
1107 2069 1139 2147 ;’'

189 2176 236 2245 et,
247 2169 313 2232 hoc
323 2169 547 2246 dicto‚visum
557 2174 611 2230 est
619 2167 702 2229 mihi
714 2167 820 2230 affore
830 2167 866 2230 in
877 2167 1140 2250 praesentiarum

189 2268 409 2332 infantulum.
449 2267 562 2344 Tunc,
573 2267 712 2330 intuens
727 2286 817 2343 eum,
832 2267 1019 2331 Lotharius
1035 2259 1140 2330 ²avus

189 2367 265 2450 ejus
277 2367 366 2430 dixit
378 2367 472 2445 mihi,
486 2373 508 2402 “
526 2366 623 2429 Talis
631 2366 768 2430 videtur
787 2385 863 2430 esse
884 2366 1011 2443 infans
1026 2365 1139 2448 qualis

189 2466 246 2530 ille
275 2487 361 2549 puer
389 2465 455 2531 fuit
483 2486 585 2550 quem
613 2465 738 2529 statuit
760 2465 931 2529 Dominus
960 2467 996 2528 in
1026 2465 1139 2529 medio

189 2567 445 2648 discipulorum,
465 2573 500 2629 et
521 2565 622 2642 dixit,
645 2557 820 2628 ‘³Talium
844 2573 898 2629 est
909 2585 1053 2647 regnum
1067 2584 1139 2629 coe-

188 2665 321 2730 lorum:
346 2666 421 2729 dico
442 2665 553 2740 vobiS,
575 2665 657 2746 quia
678 2665 793 2746 angeli
815 2684 932 2728 eorum
954 2665 1073 2728 vident
1087 2663 1141 2728 fa*

190 2767 277 2829 ciem
314 2765 423 2847 patris
453 2764 521 2827 mei
548 2764 607 2844 qui
636 2764 798 2827 incaelis
827 2764 904 2828 est.'
968 2763 1024 2826 Tu
1057 2782 1139 2826 vero

190 2864 294 2928 redde
320 2864 370 2928 illi
392 2869 598 2946 potestatem
622 2863 756 2944 imperii
770 2882 832 2945 per
847 2863 932 2927 illud
947 2862 1041 2926 filum
1063 2862 1139 2943 glo.-

190 2964 293 3029 meris
320 2963 412 3046 quod
440 2963 476 3025 in
513 2980 619 3024 manu
643 2962 776 3026 tenes.''
827 2962 1026 3026 Disnodans
1056 2981 1139 3042 ergo

189 3063 286 3127 filum
310 3064 352 3127 de
377 3062 500 3144 pollice
513 3060 647 3125 dextrae
671 3080 768 3138 meae,
788 3061 959 3125 donabam
975 3061 1026 3124 illi
1040 3080 1138 3124 mon·

190 3163 341 3227 archiam
365 3181 500 3226 omnem
530 3160 665 3243 imperii
690 3179 752 3242 per
781 3161 895 3242 ipsum
918 3160 1033 3240 filum;
1067 3167 1139 3223 sta-

224 3361 386 3412 warrenna
396 3361 470 3427 filius
481 3360 547 3426 filim
569 3353 649 3427 mera]
677 3361 729 3409 and
745 3353 963 3422 blinded,in902.
1000 3358 1086 3407 About
1096 3357 1139 3406 the

187 3433 276 3493 Leuis,
288 3431 422 3482 sumamed
433 3430 589 3492 L'Aveugle‚
606 3445 650 3478 son
676 3431 725 3479 end
743 3431 772 3479 of
787 3431 829 3480 the
840 3444 902 3490 year
915 3433 973 3489 900,
991 3442 1020 3475 or
1037 3427 1080 3475 the
1097 3427 1140 3475 be·

189 3503 219 3551 of
226 3503 311 3550 Boron
322 3501 385 3562 king
402 3500 431 3549 of
444 3501 584 3561 Provence‚
600 3499 650 3547 and
677 3501 781 3562 ginning
797 3500 827 3549 of
842 3503 900 3558 901,
911 3498 943 3547 he
954 3510 1009 3545 was
1021 3496 1139 3544 crowned

188 3571 389 3633 Hermengarde,
410 3569 535 3632 daughter
558 3569 588 3618 of
608 3569 650 3617 the
676 3584 790 3631 emperor
806 3571 841 3630 by
859 3569 932 3629 Pope
949 3566 1073 3614 Benedict
1091 3565 1139 3614 IV.

189 3655 303 3703 emperor
324 3640 403 3706 Louis
425 3639 463 3690 11.
511 3639 587 3699 Upon
608 3638 650 3687 the
676 3640 820 3688 loniswae
838 3639 918 3699 living
929 3636 994 3685 after
1005 3635 1047 3684 the
1058 3635 1103 3683 oth
1114 3633 1143 3683 of

189 3711 265 3759 death
287 3709 317 3758 ol
335 3708 442 3758 Charles
473 3707 497 3755 le
521 3707 597 3768 Gros,
624 3707 650 3756 in
675 3710 792 3770 January
811 3711 869 3769 823,
885 3707 979 3769 having
1002 3705 1107 3768 granted
1123 3719 1140 3752 a

190 3785 247 3842 888,
257 3779 300 3827 the
317 3783 395 3826 states
405 3792 472 3826 were
483 3777 588 3825 divided
598 3777 650 3826 into
676 3779 787 3840 diploma
798 3777 827 3826 of
840 3777 896 3826 that
905 3777 975 3839 date,
986 3777 1012 3824 in
1023 3775 1065 3823 the
1077 3773 1141 3823 nard

188 3851 236 3898 five
247 3849 391 3912 kingdoms,
401 3846 537 3896 andLouis
547 3847 651 3896 became
675 3862 737 3910 year
757 3848 786 3896 of
805 3848 845 3896 his
868 3848 972 3908 empire.
1012 3845 1055 3894 He
1079 3843 1141 3894 died

187 3919 251 3980 king
269 3919 298 3967 of
314 3919 407 3968 Arles:
429 3917 461 3965 he
477 3930 532 3964 was
555 3931 650 3964 crown·
675 3919 753 3967 about
763 3918 805 3966 the
816 3932 879 3980 year
888 3920 946 3966 919.

188 3989 222 4038 ed
243 3989 306 4050 king
327 3986 356 4037 οἱ
379 3985 521 4048 Burgum!
544 3987 571 4033 in
593 3989 651 4046 Μ’
710 4012 820 4086 ’Aoan
831 4017 885 4066 The
897 4030 1011 4076 emperor
1021 4014 1140 4062 Lotbaire

188 4064 257 4141 Μ
274 4063 300 4108 ω
318 4057 387 4118 Italy
405 4057 431 4104 ³¹¹
454 4059 513 4116 Μ’
530 4055 580 4104 and
596 4069 650 4103 was
676 4103 731 4138 was
749 4084 995 4149 great-grandfather
1013 4083 1042 4132 os
1061 4084 1140 4132 Louis

190 4127 350 4177 drrvenbaclr
360 4128 394 4187 by
401 4124 652 4188 Berenger,pseudo-
675 4158 820 4218 PAveugle·

189 4213 317 4260 emperor3
333 4198 381 4245 but
395 4196 525 4255 returning
535 4198 561 4241 to
573 4194 652 4242 Rome

188 4267 215 4315 in
235 4271 294 4328 000,
308 4270 425 4326 contrary
435 4269 460 4313 to
479 4265 519 4312 his
536 4263 604 4325 oath,
620 4262 652 4311 he
712 4256 851 4307 ³Tcliam,
864 4292 871 4308 .
885 4256 966 4307 .coelle
976 4253 1033 4317 est]
1049 4254 1142 4313 Metu.

190 4351 245 4386 was
256 4337 332 4386 taken
344 4336 458 4398 prisoner
470 4335 505 4396 by
517 4334 653 4396 Berenger‚
680 4342 760 4379 xvm.
776 4333 817 4377 10.
