3180 5048
421 511 487 575 254
639 526 752 576 casm
776 526 902 573 ancon
927 527 1140 576 annnorum
1227 515 1315 595 [nin.
1337 530 1375 578 11.

422 683 517 761 fecit,
533 691 572 748 ut
586 683 672 748 nihil
686 685 799 749 carius
814 685 850 749 in
865 685 939 749 vita
953 703 1017 749 sua
1031 684 1201 766 posthaec
1216 677 1376 750 ¹haheret

311 787 338 810 ²³
421 804 528 866 quam
538 784 704 868 juvenem
725 785 842 863 illum;
869 773 1042 870 t'yrannici
1055 784 1139 848 facti
1156 784 1322 862 offensam
1339 784 1375 847 in

421 891 556 966 patrem
579 884 764 949 sedulitate
787 885 885 966 regia
908 885 945 947 in
965 885 1074 948 filium
1096 883 1265 948 allevans
1318 883 1373 948 Ob

420 982 514 1046 illius
537 984 677 1047 sceleris
704 985 939 1066 expiationem
960 984 1087 1047 ibidem
1113 984 1375 1060 monasterium,

420 1083 464 1146 ab
475 1082 608 1147 Elfrida
619 1083 838 1162 aedificatum,
852 1083 1166 1148 sanctimonialium
1180 1082 1375 1166 frequentia

417 1182 642 1247 inhabitatur.

472 1282 586 1364 §lea
622 1281 717 1346 Huic
748 1280 907 1363 exemplo
935 1280 1150 1345 crudelitatis
1180 1281 1375 1365 adjungunt

419 1381 515 1444 aliud
548 1381 712 1445 libidinis.
778 1381 936 1463 Virginis
966 1380 1044 1444 Deo
1073 1381 1198 1444 dicatae
1225 1382 1371 1446 audiens

419 1480 720 1562 pulchritudinem,
736 1481 906 1544 violenter
919 1499 997 1544 eam
1021 1500 1044 1544 a
1059 1481 1269 1545 monasterio
1292 1482 1371 1545 ahs·

420 1580 542 1657 traxit,
566 1581 752 1644 abstractae
774 1580 940 1663 pudorem
962 1580 1091 1661 rapuit,
1116 1587 1151 1644 et
1174 1599 1244 1643 non
1266 1573 1373 1644 semel

420 1679 521 1743 thoro
549 1699 612 1744 suo
641 1668 862 1744 collocavit'
904 1677 1007 1757 Quod
1040 1699 1117 1742 cum
1149 1698 1250 1742 aures
1270 1680 1373 1743 ‘heati

421 1779 600 1843 Dunstani
630 1779 841 1856 offendisset,
869 1778 1089 1842 vehementer
1115 1779 1159 1842 ab
1189 1798 1230 1842 eo
1261 1779 1372 1842 incre-

420 1885 536 1960 patus,
568 1873 787 1960 ²septennem
816 1879 1058 1962 poenitentiam
1090 1897 1160 1942 non
1188 1877 1369 1956 fastidivit,

419 1978 584 2059 dignatus
606 1999 669 2042 rex
691 1978 799 2060 affligi
815 1978 963 2062 jejunio,
983 1977 1156 2060 simulque
1178 1977 1372 2042 diademate

420 2096 538 2140 carere
551 2078 743 2161 septennio.

473 2176 491 2258 ξ
516 2177 589 2240 159.
633 2176 829 2260 Subjiciunt
853 2175 1005 2252 tertium,
1029 2176 1066 2238 in
1092 2195 1161 2259 quo
1189 2182 1373 2259 utrumque

420 2283 588 2356 appareat
595 2277 730 2340 vitium.
763 2274 858 2350 Rex,
869 2274 1042 2357 inquiunt,
1056 2275 1216 2356 Edgarus
1231 2277 1372 2340 veniens

420 2372 654 2450 Andeveram,
669 2376 729 2458 qui
744 2385 798 2438 est
813 2374 910 2438 vicus
933 2395 1002 2438 non
1024 2374 1127 2456 longe
1143 2394 1164 2437 a
1178 2374 1371 2454 wintonia,

420 2474 600 2557 cujusdam
616 2476 713 2540 ducis
726 2475 845 2549 filiam,
865 2473 966 2557 cujus
986 2474 1108 2538 formae
1130 2474 1224 2537 fama
1236 2493 1371 2557 percre-

420 2575 555 2651 buerat,
585 2575 710 2640 adduci
738 2573 915 2657 praecepit.
982 2573 1098 2637 Mater
1125 2574 1264 2655 puellae,
1293 2594 1371 2656 quae

420 2675 688 2739 concubinatum
700 2674 780 2737 filiae
796 2672 1053 2753 dedignaretur,
1065 2673 1239 2750 ancillam,
1252 2674 1373 2758 adjuta

422 2775 533 2838 noctis
548 2773 712 2850 tenebris,
728 2772 832 2838 cuhili
846 2773 1021 2854 apposuit,
1029 2773 1200 2853 virginem
1212 2791 1295 2838 sane
1310 2794 1373 2837 neo

420 2873 652 2955 inelegantem
674 2892 737 2936 nec
755 2871 940 2963 illepidam.
999 2871 1279 2950 Evolutanocte,
1294 2892 1371 2936 cum

421 2989 547 3036 aurora
582 2972 619 3036 in
654 2972 766 3036 lucem
802 2979 1051 3053 prorumperet,
1087 2971 1212 3035 mulier
1248 2980 1374 3037 conata

421 3090 575 3152 surgere,
596 3071 880 3153 interrogataque
904 3069 988 3152 quid
1010 3069 1203 3148 festinaret,
1225 3071 1269 3134 ad
1285 3092 1373 3155 opus

421 3169 631 3234 cotidianum
675 3170 823 3234 dominae
863 3170 1127 3252 persolvendum
1172 3172 1371 3254 respondit:

423 3287 515 3350 aegre
546 3269 628 3334 licet
656 3277 792 3334 retenta
821 3269 914 3350 regis
952 3270 1097 3350 genibus
1135 3288 1239 3353 super
1277 3278 1372 3336 statu

369 3437 377 3456 ⁸
421 3369 635 3432 miseriarum
661 3388 801 3434 suarum
826 3369 997 3450 applorat,
1020 3389 1083 3452 pro
1108 3370 1264 3434 mercede
1290 3391 1373 3436 con·

423 3469 517 3532 nubii
548 3469 705 3533 redderet
735 3469 1009 3550 ingenuitatem3
1042 3468 1162 3533 decere
1189 3471 1370 3551 magnani-

421 3568 576 3632 mitatem
602 3568 699 3652 ,ejus
732 3576 771 3632 ut
794 3568 900 3649 regiae
931 3568 1119 3649 voluptatis
1142 3570 1281 3634 conscia
1307 3570 1369 3633 do·

420 3667 591 3732 minorum
622 3668 810 3731 crudelium
847 3667 991 3730 ulterius
1027 3687 1096 3731 non
1132 3668 1374 3749 ingemisceret
1455 3669 1458 3676 '

421 3765 576 3848 imperia.
615 3767 715 3832 Tunc
726 3767 797 3843 ille,
813 3766 892 3830 felle
908 3773 1091 3846 commoto,
1107 3774 1142 3830 et
1157 3767 1373 3832 formidabile

458 4021 465 4050 ¹
478 4023 612 4085 liaberet]
629 4023 660 4073 SJ
673 4023 703 4072 C.
718 4022 753 4072 D.
772 4023 820 4083 E.;
837 4037 882 4070 rex
909 4021 949 4070 his
966 4026 1010 4070 not
1021 4021 1116 4084 having
1127 4022 1191 4070 been
1204 4025 1322 4072 crowned
1334 4026 1375 4074 till

421 4092 578 4154 habetata,
590 4093 621 4141 L.
909 4091 998 4140 within
1017 4095 1070 4140 two
1088 4106 1163 4152 years
1185 4091 1215 4141 of
1229 4093 1270 4141 his
1286 4094 1373 4144 death.

457 4160 628 4226 ²Septenaem
655 4197 661 4210 .
682 4197 689 4212 .
708 4196 714 4210 .
735 4161 881 4225 septennia]
908 4161 1027 4228 (Sharpe,
1050 4176 1076 4222 p.
1096 4158 1166 4224 186.)
1195 4163 1301 4224 Eadgar
1318 4179 1374 4214 war

415 4231 483 4280 This
494 4246 575 4281 seems
585 4236 612 4280 to
622 4232 687 4280 have
698 4231 762 4280 been
770 4231 881 4280 founded
907 4231 1026 4280 crowned
1043 4231 1115 4280 Aa).
1133 4235 1191 4280 973.
1208 4232 1256 4282 See
1279 4238 1336 4283 note
1354 4233 1375 4297 ⁴,

420 4316 453 4350 on
471 4301 514 4350 the
530 4302 646 4362 singular
656 4302 839 4350 circumstance
856 4301 885 4348 of
907 4317 934 4362 p.
946 4304 1003 4350 248.
