3150 5046
394 461 459 527 328
614 478 727 526 ersrn
752 479 878 526 aaron
902 477 1118 529 nacionum,
1203 463 1347 547 [ma11.

397 636 499 701 dorso
526 636 694 713 evexerit,
714 643 750 699 et
772 635 978 718 quibusdam
1004 635 1095 712 aliis,
1121 638 1247 720 quibus
1268 638 1347 701 ideo

398 735 606 818 supersedeo
637 735 721 818 quia
759 735 1024 800 aestimationem
1054 736 1194 801 lectoris
1228 757 1347 820 super-

236 849 385 891 neathorthe
399 835 496 918 gredi
516 835 611 903 nolo.
662 828 772 898 ¹0blit
793 840 918 899 octavo
944 835 1076 900 decimo
1100 855 1191 900 anno
1214 837 1349 919 imperii

235 912 359 993 {rid-effla·
399 953 549 1010 emenso,
565 945 600 998 et
615 931 708 1016 apud
731 933 867 1015 Spiram
887 933 1046 998 conditus
1069 942 1134 1011 est,
1151 955 1256 1018 quam
1273 937 1349 1019 ipse

350 1058 351 1061 ¹
399 1056 444 1100 ex
463 1033 705 1116 antiquissima
720 1040 755 1096 et
771 1032 885 1097 diruta
900 1033 1049 1098 Nemeto
1068 1036 1120 1099 ita
1136 1037 1348 1100 nominatam

399 1133 555 1199 novavit.
607 1131 832 1215 Epitaphium
848 1132 923 1216 ejus
938 1132 1004 1197 hoc
1022 1140 1096 1198 est:

236 1335 276 1376 His
286 1333 378 1386 epitaph·
497 1307 652 1401 ‘Gaesaa
668 1329 787 1410 tantus
804 1342 881 1388 eras
897 1328 1050 1407 quantus
1067 1330 1102 1388 et
1119 1325 1225 1402 orbis,

522 1425 573 1491 At
589 1443 681 1488 nunc
696 1424 733 1486 in
748 1423 883 1486 modico
900 1423 1072 1487 clauderis
1086 1432 1200 1488 antro.

524 1524 612 1588 Post
626 1523 700 1586 haec
718 1523 865 1605 quisque
879 1522 967 1587 sciat
982 1516 1039 1586 ²se
1055 1525 1237 1601 ruiturum,

524 1625 571 1689 Et
588 1623 681 1706 quod
696 1622 793 1686 nulla
810 1622 898 1686 mori
910 1623 1024 1703 gloria
1036 1623 1149 1687 tollat.

526 1724 672 1799 Florens
687 1719 821 1806 imperii
835 1721 947 1803 gloria
961 1722 1149 1804 quondam,

464 1821 466 1826 ’
525 1823 695 1888 Desolata
711 1840 775 1887 suo
791 1818 930 1884 Caesare
947 1827 1098 1900 marcet3
1219 1821 1220 1824 ’

526 1923 643 1997 Hanc,
656 1920 761 1996 ultra,
778 1921 927 2002 speciem
944 1940 1014 1984 non
1027 1920 1188 1985 habitura

526 2023 642 2106 Quam
657 2027 771 2104 tecum
786 2020 936 2084 moriens
953 2020 1160 2089 occuluisti„

526 2123 638 2202 Leges
655 2139 677 2182 a
689 2120 829 2185 senibus
845 2119 1003 2201 patribus
1017 2126 1150 2197 auctas,

525 2221 625 2299 Quas
642 2219 773 2285 lassata
787 2217 847 2281 diu
863 2225 997 2302 raserat
1010 2227 1109 2296 actae,

526 2321 656 2384 Omnes
669 2325 709 2382 ut
725 2318 863 2398 fuerant
877 2319 953 2401 ipse
969 2319 1172 2396 reformans,

527 2418 697 2498 Romanis
711 2417 845 2482 studuit
859 2418 1001 2482 reddere
1019 2419 1145 2483 causis

526 2519 595 2596 Tu,
612 2517 805 2600 longinqua
818 2519 906 2584 satis
919 2537 1040 2599 regna,
1053 2516 1220 2600 locosque.

527 2618 627 2696 Quos
644 2617 760 2680 nullus
776 2617 891 2700 potuit
908 2617 1058 2694 flectere,
1076 2617 1209 2694 Caesar,
1308 2691 1311 2694 ,

509 2797 512 2804 ¹
525 2717 695 2783 Romanis
709 2735 857 2781 onerans
871 2716 1002 2781 viribus
1020 2724 1129 2794 artus,

526 2817 584 2884 Ad
601 2816 700 2880 civile
715 2816 820 2879 decus
836 2815 1029 2880 excoluisti.

527 2916 557 2986 Ο
572 2922 705 2998 quanto
720 2915 888 2998 premitur
904 2916 1020 2980 Roma
1033 2912 1164 2994 dolore,

526 3014 697 3079 Desolata
711 3015 808 3096 prius
821 3021 931 3078 morte
948 3013 1093 3078 Leonis:

527 3114 644 3191 Nunc,
660 3112 834 3194 Auguste,
849 3121 912 3178 tuo
927 3113 1046 3178 funere
1059 3114 1241 3196 languens,

527 3214 617 3276 Bino
634 3232 671 3276 se
687 3213 827 3277 viduam
842 3214 973 3276 lumine
989 3212 1138 3295 plangit,

528 3312 617 3392 Quae
636 3320 671 3378 te
686 3332 756 3376 non
772 3312 889 3377 timuit
903 3313 1018 3395 patria
1030 3311 1175 3378 vivuml

526 3413 596 3482 Vel
611 3433 691 3496 quae
706 3432 776 3478 non
790 3411 913 3489 doluit,
928 3412 1059 3488 Caesar,
1073 3413 1214 3477 obisset

528 3513 622 3578 Nam
633 3513 685 3576 sic
699 3512 803 3576 laetus
818 3531 896 3576 eras
907 3511 982 3596 jam
1000 3513 1185 3594 superatis,

525 3611 572 3678 Et
589 3612 639 3698 sic
655 3611 833 3675 indomitis
851 3611 1013 3692 gentibus
1030 3630 1150 3694 asper3

440 3917 448 3952 ¹
463 3919 534 3969 Obiit
544 3923 626 3968 octavo
636 3917 726 3968 decim
741 3932 804 3967 unua
821 3917 867 3966 im·
891 3918 932 3968 his
944 3918 1048 3980 empire,
1056 3917 1139 3967 onthe
1147 3917 1191 3966 ath
1199 3917 1229 3965 of
1235 3916 1354 3979 October,

401 3991 489 4056 perii]
502 3990 592 4050 Henry
602 3988 663 4038 died
674 3993 701 4037 at
711 3988 823 4050 Butleld,
834 4003 866 4038 on
891 3988 961 4038 A.D.
977 3992 1050 4046 1⁰56,
1067 3988 1118 4037 and
1130 4002 1184 4036 was
1201 3987 1311 4035 interred
1328 3991 1354 4036 ut

404 4062 447 4109 the
467 4061 577 4109 contines
595 4059 625 4107 ot*
644 4058 710 4106 Saxe
728 4059 778 4107 and
798 4058 867 4106 Thu·
891 4057 973 4119 Spire.

404 4132 485 4192 tinge,
500 4131 525 4177 in
540 4128 583 4177 the
601 4127 745 4190 eighteenth
762 4143 823 4190 year
841 4128 870 4176 ol
927 4125 983 4176 'Se
1001 4127 1146 4189 ruiturum]
1163 4125 1196 4175 A.
1209 4125 1237 4177 S.
1252 4127 1306 4176 02.
1319 4126 1353 4176 D.

404 4200 444 4249 his
461 4201 543 4260 reign,
553 4199 600 4247 but
616 4199 642 4246 in
658 4197 700 4246 the
712 4198 824 4248 lilteenth
841 4199 870 4247 ol
891 4199 924 4248 E.
933 4198 981 4256 L.;
999 4212 1026 4246 se
1037 4197 1195 4258 moriturum,
1210 4198 1238 4246 C.
