3170 5054
227 503 299 552 ιιι
315 485 357 570 ι]
452 501 566 552 ensrn
590 502 716 552 uncum
741 491 1181 561 Auctoribus?

227 658 357 727 uachus'
381 666 416 724 et
435 662 545 724 abbas
571 661 695 739 iactus,
720 669 800 744 post
822 661 954 743 aliqu'ot
978 665 1088 726 annos
1106 677 1175 727 na·
1190 683 1332 728 Amantes·

226 764 313 822 turae
338 761 454 826 cessit.
505 759 617 844 Cujus
643 760 844 825 assertionis
862 779 998 825 omnem
1025 737 1238 828 absolvit⁰¹⁸
1238 741 1337 790 ΨΜ

224 859 444 939 scrupulum
438 858 528 923 visio
553 860 733 944 cujusdam
753 859 884 937 fratris,
908 861 970 942 qui
994 868 1075 941 post
1100 862 1173 926 obi-

225 962 299 1020 tum
321 958 415 1021 beati
436 957 514 1034 viri,
534 958 610 1040 jam
631 966 776 1023 nutante
797 959 969 1030 memoria.
987 966 1102 1024 utrum
1125 959 1173 1026 ibi

222 1055 413 1124 monachus
434 1064 471 1121 et
493 1057 601 1120 abbas
622 1057 737 1135 fuerit,
760 1057 838 1121 cum
863 1057 906 1120 de
926 1057 991 1128 hoc
1011 1058 1174 1141 frequens

222 1159 416 1219 verteretur
429 1157 588 1237 quaestio,
611 1156 672 1226 tali
695 1156 917 1222 confirmatus
939 1159 1172 1224 estoraculo.

223 1249 414 1318 Resolutus
451 1253 542 1318 enim
575 1255 613 1319 in
647 1274 818 1337 soporem,
847 1255 942 1320 visus
970 1262 1025 1319 est
1051 1257 1170 1324 audire

221 1351 392 1432 quendam
420 1352 603 1434 legentem,
631 1361 711 1436 post
738 1355 848 1417 multa
878 1353 953 1437 ejus
987 1353 1168 1439 miracula,

221 1448 297 1513 haec
310 1453 429 1528 verba,
451 1445 546 1516 ‘Hic
559 1452 667 1535 igitur
681 1452 940 1535 metropolitani
950 1453 1047 1534 pallii
1068 1473 1168 1519 sanc-

219 1549 321 1612 titate
345 1547 528 1614 deseratus
563 1559 638 1631 est3
672 1551 890 1633 postmodum
912 1571 994 1615 vero
1017 1551 1073 1614 hic
1095 1573 1168 1617 mo-

220 1647 351 1718 nachus
375 1656 411 1714 ct
432 1650 539 1714 abbas
562 1649 697 1713 factus!
747 1648 888 1732 Adjecit
905 1650 1009 1713 etiam
1030 1657 1072 1714 ut
1097 1671 1168 1721 non

218 1745 352 1829 integre
390 1745 543 1812 credenti
587 1748 696 1814 literis
732 1748 846 1811 aureis
891 1748 983 1830 quod
1032 1746 1168 1826 dixerat

218 1841 385 1928 scriptum
416 1845 620 1912 ostenderet.
686 1847 847 1911 Excessit
875 1865 958 1928 ergo
992 1846 1166 1913 Patricius
1180 1869 1281 1910 neers

218 1961 309 2008 anno
337 1946 452 2009 aetatis
486 1947 673 2010 centesimo
699 1945 893 2021 undecimo,
919 1921 1295 2011 incarnationisiidhi.

218 2037 360 2108 Domini
373 2037 710 2126 quadringentesimo
729 2044 983 2127 septuagesimo
1005 2047 1166 2124 secunde,

215 2143 276 2222 qui
291 2142 357 2207 fuit
372 2161 483 2206 annus
496 2163 542 2208 ex
557 2162 626 2225 quo
643 2143 849 2207 Hiberniam
867 2143 992 2206 missus
1013 2151 1067 2208 est
1078 2165 1164 2227 qua-

214 2240 429 2338 dragesimus
454 2243 632 2325 septimus.
685 2242 918 2324 Requiescit
908 2261 945 2306 ιιι
969 2242 1093 2308 dextro
1105 2245 1166 2308 ιιι,

214 2345 288 2403 tere
303 2340 423 2404 altaris
436 2348 584 2406 vetustae
606 2341 797 2417 ecclesiae,
787 2361 825 2403 m
846 2340 1023 2423 pyramide
1042 2361 1161 2420 saxea,
1256 2357 1259 2366 ⁴
1316 2359 1322 2430 ᾗ

211 2453 319 2520 quarn
358 2447 502 2521 argento
538 2440 680 2505 vestivit
714 2445 930 2522 posterorum
968 2440 1161 2521 diligentia.
1217 2477 1244 2491 ,.
1310 2464 1319 2494 ἰ

213 2531 310 2602 Hinc
341 2535 629 2603 Hibemiensibus
658 2537 903 2602 mosiuolitus
934 2538 978 2601 ad
1012 2558 1160 2604 exoscuv

208 2636 334 2700 landes
350 2639 488 2719 patroni
503 2638 667 2721 reliquias
682 2637 796 2701 locum
809 2636 1038 2719 frequentare.
1149 2669 1152 2676 ,

207 2726 213 2783 ἶ
262 2728 348 2818 523.
372 2735 483 2800 Unde·
499 2743 535 2800 et
560 2731 735 2802 ¹sanctum
757 2735 959 2799 Indraotum
974 2742 1010 2799 et
1023 2737 1160 2800 beatam
1173 2756 1306 2798 senemr.

211 2833 401 2917 Brigidam,
427 2834 606 2899 Hiberniae
636 2854 705 2899 non
735 2836 900 2898 obscuros
926 2835 1070 2910 incolas,
1093 2834 1160 2899 huc
1173 2807 1305 2856 ΝΜ

208 2932 291 2996 olim
302 2950 511 3004 commeasse
523 2934 765 2999 celeberrimus
778 2940 961 2997 sermoest.
1004 2933 1160 3015 Bngida,
1187 3015 1191 3022 .

209 3032 356 3117 (relictis
375 3033 580 3115 quibusdem
604 3033 676 3096 suis
698 3032 903 3113 insignibus,
925 3032 1045 3110 monili
1064 3034 1158 3097 vide,

207 3129 290 3196 licet
317 3150 401 3213 pera
429 3140 465 3197 et
494 3133 691 3196 textrilibus
715 3131 832 3209 armis,
856 3150 934 3214 quac
963 3131 1074 3195 adhuc
1095 3152 1159 3214 pro

202 3230 405 3294 sanctitatis
427 3227 596 3294 memorie
621 3237 853 3307 ostentantur,
883 3238 917 3294 et
946 3230 1073 3294 morbis
1097 3231 1158 3293 div

201 3329 318 3393 versis
333 3321 554 3415 medentum)
577 3337 693 3393 utrum
721 3329 858 3394 domum
880 3349 1030 3406 reversa,
1046 3348 1091 3392 an
1109 3329 1158 3394 ibi

207 3429 380 3510 acceperit
423 3445 580 3511 pausam,
607 3428 789 3492 incertum.
862 3425 1021 3490 Alterum
1052 3428 1159 3511 juxta

198 3524 427 3600 ‚Glastoniam
462 3528 724 3611 martyrizatum
753 3547 831 3590 cum
870 3525 971 3589 sociis
1013 3532 1158 3608 septem,

205 3714 332 3778 however,
367 3715 547 3778 satisfactorily
573 3715 667 3779 proved
694 3715 760 3777 bury
770 3718 849 3764 wrote
865 3727 883 3762 e
898 3713 942 3762 lise
955 3713 985 3762 οι
996 3713 1159 3775 8ι.ιιιιιιιιοι,

198 3785 259 3834 that
285 3785 336 3834 this
364 3786 452 3834 Patrio
476 3786 574 3835 neither
599 3787 668 3834 lived
694 3786 804 3834 ‘Passio
821 3784 908 3833 Sancti
926 3783 1058 3846 Iudracti,'
1072 3783 1158 3832 which

203 3869 251 3902 nor
267 3869 322 3903 was
338 3855 430 3904 huried
446 3860 473 3904 et
484 3854 667 3917 Glastonhury'.
685 3855 740 3904 has
751 3869 827 3904 never
837 3855 901 3902 been
919 3854 1028 3915 printed.
1062 3853 1088 3900 A
1110 3855 1158 3902 tine

203 3923 381 3984 Mulmeshury
396 3928 475 3974 wrote
494 3940 510 3974 a
525 3925 571 3974 life
587 3924 616 3973 os
631 3926 668 3974 St.
694 3925 850 3985 manuscript
859 3922 888 3971 οι
895 3922 946 3972 this
956 3921 1029 3970 work
1044 3923 1105 3970 isin
1115 3923 1158 3970 the

203 3993 339 4056 Patric,in
353 3997 405 4042 two
418 3994 508 4055 books,
518 3994 670 4042 hutnome-
695 3993 818 4042 Bodleian
839 3992 942 4050 library
978 3991 1048 4038 Itis
1070 3991 1159 4039 abbre-

194 4063 319 4124 ·unscript
340 4061 370 4110 ot
393 4063 443 4111 ιι
434 4078 458 4112 rs
486 4078 544 4112 now
565 4063 668 4113 known.
694 4063 779 4111 vieted
806 4061 832 4108 iu
854 4060 923 4110 John
944 4058 974 4106 oi
985 4058 1159 4121 Tynemouth,

194 4130 433 4196 vIaeluud((iollect.
450 4145 493 4182 ιιι.
506 4135 563 4181 273.
589 4132 671 4181 Lond.
696 4132 771 4179 Nova
792 4128 913 4189 legende
939 4128 1052 4187 Angue,
1066 4128 1158 4177 which

203 4203 279 4265 1770,
296 4205 352 4251 svo.
354 4197 367 4266 )
378 4202 435 4263 has,
449 4202 576 4259 however,
595 4203 670 4264 given
694 4201 741 4252 has
752 4201 816 4248 been
827 4197 927 4259 printed
937 4195 1022 4246 under
1028 4197 1071 4244 the
1086 4212 1159 4246 naute

202 4274 316 4319 extraets
326 4270 389 4320 from
400 4272 429 4323 rt
480 4303 481 4307 =
695 4269 724 4322 οι
743 4267 899 4329 capgreve’s
927 4265 1049 4328 Legenda
1083 4267 1158 4316 Nova

226 4336 365 4390 ιιιιιιιιιιιιι
372 4335 539 4410 indractum]
550 4340 671 4390 Melmes·
696 4339 807 4402 Auglree,
813 4337 857 4388 sol
867 4335 948 4388 lest.
960 4337 1073 4398 london,
1085 4339 1158 4396 ¹51⁶·
