<?xml version="1.0" encoding="UTF-8"?>
<!DOCTYPE html PUBLIC "-//W3C//DTD XHTML 1.0 Transitional//EN"
    "http://www.w3.org/TR/xhtml1/DTD/xhtml1-transitional.dtd">
<html xmlns="http://www.w3.org/1999/xhtml" xml:lang="en" lang="en">
 <head>
  <title>
</title>
<meta http-equiv="Content-Type" content="text/html;charset=utf-8" />
  <meta name='ocr-system' content='tesseract 3.04.00' />
  <meta name='ocr-capabilities' content='ocr_page ocr_carea ocr_par ocr_line ocrx_word'/>
</head>
<body>
  <div class='ocr_page' id='page_1' title='image "./willelmimalmesb01hardgoog_0135.png"; bbox 0 0 3190 5060; ppageno 0'>
   <div class='ocr_carea' id='block_1_1' title="bbox 230 501 1186 584">
    <p class='ocr_par' dir='ltr' id='par_1_1' title="bbox 230 501 1186 584">
     <span class='ocr_line' id='line_1_1' title="bbox 230 501 1186 584; baseline -0.001 -18"><span class='ocrx_word' id='word_1_1' title='bbox 230 501 360 584; x_wconf 54' lang='lat' dir='ltr'><strong>mame]</strong></span> <span class='ocrx_word' id='word_1_2' title='bbox 460 517 728 576; x_wconf 73' lang='lat' dir='ltr'><strong>casm-ancon</strong></span> <span class='ocrx_word' id='word_1_3' title='bbox 752 517 967 565; x_wconf 75' lang='lat' dir='ltr'><strong>ancnoaon.</strong></span> <span class='ocrx_word' id='word_1_4' title='bbox 1123 501 1186 566; x_wconf 76' lang='lat'><strong>121</strong></span> 
     </span>
    </p>
   </div>
   <div class='ocr_carea' id='block_1_2' title="bbox 227 661 1191 1749">
    <p class='ocr_par' dir='ltr' id='par_1_2' title="bbox 227 661 1191 1749">
     <span class='ocr_line' id='line_1_2' title="bbox 232 661 1189 758; baseline 0.001 -22"><span class='ocrx_word' id='word_1_5' title='bbox 232 673 432 755; x_wconf 79' lang='lat' dir='ltr'><strong>gradiatur:</strong></span> <span class='ocrx_word' id='word_1_6' title='bbox 457 661 548 737; x_wconf 74' lang='lat' dir='ltr'><strong>{inde</strong></span> <span class='ocrx_word' id='word_1_7' title='bbox 565 671 699 742; x_wconf 81' lang='lat' dir='ltr'><strong>merito.</strong></span> <span class='ocrx_word' id='word_1_8' title='bbox 711 673 822 758; x_wconf 84' lang='lat' dir='ltr'><strong>omnis</strong></span> <span class='ocrx_word' id='word_1_9' title='bbox 838 692 900 755; x_wconf 88' lang='lat' dir='ltr'><strong>per</strong></span> <span class='ocrx_word' id='word_1_10' title='bbox 915 671 1032 737; x_wconf 85' lang='lat' dir='ltr'><strong>orbem</strong></span> <span class='ocrx_word' id='word_1_11' title='bbox 1051 672 1189 738; x_wconf 81' lang='lat' dir='ltr'><strong>exultat</strong></span> 
     </span>
     <span class='ocr_line' id='line_1_3' title="bbox 232 771 1189 856; baseline 0 -20"><span class='ocrx_word' id='word_1_12' title='bbox 232 772 389 850; x_wconf 88' lang='lat' dir='ltr'><strong>ecclesia,</strong></span> <span class='ocrx_word' id='word_1_13' title='bbox 417 773 499 856; x_wconf 91' lang='lat' dir='ltr'><strong>quia</strong></span> <span class='ocrx_word' id='word_1_14' title='bbox 524 792 603 836; x_wconf 91' lang='lat' dir='ltr'><strong>oum</strong></span> <span class='ocrx_word' id='word_1_15' title='bbox 624 772 778 836; x_wconf 88' lang='lat' dir='ltr'><strong>omnium</strong></span> <span class='ocrx_word' id='word_1_16' title='bbox 801 792 904 837; x_wconf 83' lang='lat' dir='ltr'><strong>verus</strong></span> <span class='ocrx_word' id='word_1_17' title='bbox 934 771 1189 836; x_wconf 89' lang='lat' dir='ltr'><strong>Remunerator</strong></span> 
     </span>
     <span class='ocr_line' id='line_1_4' title="bbox 233 871 1189 954; baseline -0.001 -19"><span class='ocrx_word' id='word_1_18' title='bbox 233 872 401 936; x_wconf 91' lang='lat' dir='ltr'><strong>bonorum</strong></span> <span class='ocrx_word' id='word_1_19' title='bbox 449 871 733 954; x_wconf 88' lang='lat' dir='ltr'><strong>gloriosissimum</strong></span> <span class='ocrx_word' id='word_1_20' title='bbox 771 872 886 954; x_wconf 83' lang='lat' dir='ltr'><strong>gregis</strong></span> <span class='ocrx_word' id='word_1_21' title='bbox 923 871 977 935; x_wconf 92' lang='lat' dir='ltr'><strong>sui</strong></span> <span class='ocrx_word' id='word_1_22' title='bbox 1014 878 1189 953; x_wconf 81' lang='lat' dir='ltr'><strong>pastorem</strong></span> 
     </span>
     <span class='ocr_line' id='line_1_5' title="bbox 234 968 1190 1054; baseline 0 -20"><span class='ocrx_word' id='word_1_23' title='bbox 234 968 429 1037; x_wconf 86' lang='lat' dir='ltr'><strong>Adrianum</strong></span> <span class='ocrx_word' id='word_1_24' title='bbox 444 979 611 1054; x_wconf 89' lang='lat' dir='ltr'><strong>perpetuo</strong></span> <span class='ocrx_word' id='word_1_25' title='bbox 631 971 917 1036; x_wconf 88' lang='lat' dir='ltr'><strong>remunerandum</strong></span> <span class='ocrx_word' id='word_1_26' title='bbox 936 989 1040 1053; x_wconf 89' lang='lat' dir='ltr'><strong>super</strong></span> <span class='ocrx_word' id='word_1_27' title='bbox 1060 970 1190 1035; x_wconf 86' lang='lat' dir='ltr'><strong>aethera</strong></span> 
     </span>
     <span class='ocr_line' id='line_1_6' title="bbox 235 1069 1191 1153; baseline 0.002 -21"><span class='ocrx_word' id='word_1_28' title='bbox 235 1069 404 1148; x_wconf 84' lang='lat' dir='ltr'><strong>duxisset,</strong></span> <span class='ocrx_word' id='word_1_29' title='bbox 418 1071 490 1134; x_wconf 90' lang='lat' dir='ltr'><strong>suis</strong></span> <span class='ocrx_word' id='word_1_30' title='bbox 505 1078 621 1134; x_wconf 87' lang='lat' dir='ltr'><strong>tamen</strong></span> <span class='ocrx_word' id='word_1_31' title='bbox 636 1071 757 1134; x_wconf 89' lang='lat' dir='ltr'><strong>ovibus</strong></span> <span class='ocrx_word' id='word_1_32' title='bbox 774 1071 833 1152; x_wconf 90' lang='lat' dir='ltr'><strong>pia</strong></span> <span class='ocrx_word' id='word_1_33' title='bbox 848 1071 958 1134; x_wconf 82' lang='lat' dir='ltr'><strong>erexit</strong></span> <span class='ocrx_word' id='word_1_34' title='bbox 972 1069 1191 1153; x_wconf 88' lang='lat' dir='ltr'><strong>providentia</strong></span> 
     </span>
     <span class='ocr_line' id='line_1_7' title="bbox 234 1167 1190 1252; baseline 0.003 -22"><span class='ocrx_word' id='word_1_35' title='bbox 234 1171 414 1251; x_wconf 85' lang='lat' dir='ltr'><strong>praevium,</strong></span> <span class='ocrx_word' id='word_1_36' title='bbox 431 1169 490 1252; x_wconf 94' lang='lat' dir='ltr'><strong>qui</strong></span> <span class='ocrx_word' id='word_1_37' title='bbox 503 1167 570 1233; x_wconf 88' lang='lat' dir='ltr'><strong>scit</strong></span> <span class='ocrx_word' id='word_1_38' title='bbox 583 1169 674 1234; x_wconf 87' lang='lat' dir='ltr'><strong>ovile</strong></span> <span class='ocrx_word' id='word_1_39' title='bbox 687 1170 907 1233; x_wconf 88' lang='lat' dir='ltr'><strong>Dominioum</strong></span> <span class='ocrx_word' id='word_1_40' title='bbox 923 1169 967 1233; x_wconf 92' lang='lat' dir='ltr'><strong>ad</strong></span> <span class='ocrx_word' id='word_1_41' title='bbox 981 1171 1099 1232; x_wconf 89' lang='lat' dir='ltr'><strong>caulas</strong></span> <span class='ocrx_word' id='word_1_42' title='bbox 1119 1190 1190 1233; x_wconf 92' lang='lat' dir='ltr'><strong>non</strong></span> 
     </span>
     <span class='ocr_line' id='line_1_8' title="bbox 235 1267 1189 1351; baseline 0.001 -20"><span class='ocrx_word' id='word_1_43' title='bbox 235 1267 378 1332; x_wconf 86' lang='lat' dir='ltr'><strong>inferius</strong></span> <span class='ocrx_word' id='word_1_44' title='bbox 394 1269 476 1333; x_wconf 70' lang='lat' dir='ltr'><strong>vitre</strong></span> <span class='ocrx_word' id='word_1_45' title='bbox 499 1269 644 1350; x_wconf 88' lang='lat' dir='ltr'><strong>agitare.</strong></span> <span class='ocrx_word' id='word_1_46' title='bbox 696 1267 774 1332; x_wconf 92' lang='lat' dir='ltr'><strong>Nos</strong></span> <span class='ocrx_word' id='word_1_47' title='bbox 796 1275 932 1350; x_wconf 88' lang='lat' dir='ltr'><strong>quoque</strong></span> <span class='ocrx_word' id='word_1_48' title='bbox 946 1268 1082 1346; x_wconf 90' lang='lat' dir='ltr'><strong>merito,</strong></span> <span class='ocrx_word' id='word_1_49' title='bbox 1102 1288 1189 1351; x_wconf 91' lang='lat' dir='ltr'><strong>quos</strong></span> 
     </span>
     <span class='ocr_line' id='line_1_9' title="bbox 236 1366 1189 1450; baseline 0.001 -19"><span class='ocrx_word' id='word_1_50' title='bbox 236 1367 439 1432; x_wconf 78' lang='lat' dir='ltr'><strong>extremitas</strong></span> <span class='ocrx_word' id='word_1_51' title='bbox 459 1369 552 1432; x_wconf 89' lang='lat' dir='ltr'><strong>orbis</strong></span> <span class='ocrx_word' id='word_1_52' title='bbox 574 1373 681 1444; x_wconf 81' lang='lat' dir='ltr'><strong>tenet,</strong></span> <span class='ocrx_word' id='word_1_53' title='bbox 697 1367 817 1433; x_wconf 90' lang='lat' dir='ltr'><strong>eodem</strong></span> <span class='ocrx_word' id='word_1_54' title='bbox 839 1366 942 1431; x_wconf 92' lang='lat' dir='ltr'><strong>modo</strong></span> <span class='ocrx_word' id='word_1_55' title='bbox 965 1369 1189 1450; x_wconf 84' lang='lat' dir='ltr'><strong>praecaeteris</strong></span> 
     </span>
     <span class='ocr_line' id='line_1_10' title="bbox 237 1466 1188 1550; baseline 0.001 -20"><span class='ocrx_word' id='word_1_56' title='bbox 237 1467 436 1548; x_wconf 80' lang='lat' dir='ltr'><strong>gloriamur,</strong></span> <span class='ocrx_word' id='word_1_57' title='bbox 451 1468 534 1550; x_wconf 89' lang='lat' dir='ltr'><strong>quia</strong></span> <span class='ocrx_word' id='word_1_58' title='bbox 550 1467 643 1531; x_wconf 90' lang='lat' dir='ltr'><strong>illius</strong></span> <span class='ocrx_word' id='word_1_59' title='bbox 666 1466 860 1530; x_wconf 90' lang='lat' dir='ltr'><strong>sublimitas</strong></span> <span class='ocrx_word' id='word_1_60' title='bbox 875 1474 995 1531; x_wconf 89' lang='lat' dir='ltr'><strong>nostra</strong></span> <span class='ocrx_word' id='word_1_61' title='bbox 1013 1468 1108 1531; x_wconf 89' lang='lat' dir='ltr'><strong>salus</strong></span> <span class='ocrx_word' id='word_1_62' title='bbox 1123 1473 1188 1545; x_wconf 89' lang='lat' dir='ltr'><strong>est,</strong></span> 
     </span>
     <span class='ocr_line' id='line_1_11' title="bbox 227 1566 1190 1649; baseline -0.004 -15"><span class='ocrx_word' id='word_1_63' title='bbox 227 1567 329 1634; x_wconf 86' lang='lat' dir='ltr'><strong>illius</strong></span> <span class='ocrx_word' id='word_1_64' title='bbox 354 1567 565 1649; x_wconf 79' lang='lat' dir='ltr'>prosperitas</span> <span class='ocrx_word' id='word_1_65' title='bbox 589 1567 687 1630; x_wconf 88' lang='lat' dir='ltr'><strong>nobis</strong></span> <span class='ocrx_word' id='word_1_66' title='bbox 709 1566 870 1648; x_wconf 81' lang='lat' dir='ltr'><strong>perennis</strong></span> <span class='ocrx_word' id='word_1_67' title='bbox 892 1566 1083 1646; x_wconf 85' lang='lat' dir='ltr'><strong>exultatio;</strong></span> <span class='ocrx_word' id='word_1_68' title='bbox 1107 1568 1190 1648; x_wconf 90' lang='lat' dir='ltr'><strong>quia</strong></span> 
     </span>
     <span class='ocr_line' id='line_1_12' title="bbox 237 1664 1188 1749; baseline 0.001 -21"><span class='ocrx_word' id='word_1_69' title='bbox 237 1664 328 1729; x_wconf 88' lang='lat' dir='ltr'><strong>unde</strong></span> <span class='ocrx_word' id='word_1_70' title='bbox 351 1665 414 1729; x_wconf 93' lang='lat' dir='ltr'><strong>tibi</strong></span> <span class='ocrx_word' id='word_1_71' title='bbox 435 1666 627 1749; x_wconf 89' lang='lat' dir='ltr'><strong>apostolica</strong></span> <span class='ocrx_word' id='word_1_72' title='bbox 639 1664 803 1747; x_wconf 79' lang='lat' dir='ltr'><strong>dignitas,</strong></span> <span class='ocrx_word' id='word_1_73' title='bbox 817 1664 897 1729; x_wconf 89' lang='lat' dir='ltr'><strong>inde</strong></span> <span class='ocrx_word' id='word_1_74' title='bbox 919 1666 1019 1730; x_wconf 92' lang='lat' dir='ltr'><strong>nobis</strong></span> <span class='ocrx_word' id='word_1_75' title='bbox 1035 1665 1115 1730; x_wconf 87' lang='lat' dir='ltr'><strong>fidei</strong></span> <span class='ocrx_word' id='word_1_76' title='bbox 1128 1685 1188 1729; x_wconf 89' lang='lat' dir='ltr'><strong>ve-</strong></span> 
     </span>
    </p>
   </div>
   <div class='ocr_carea' id='block_1_3' title="bbox 129 1765 1190 1847">
    <p class='ocr_par' dir='ltr' id='par_1_3' title="bbox 7 1738 1190 1851">
     <span class='ocr_line' id='line_1_13' title="bbox 129 1765 1190 1847; baseline -0.005 -14.619"><span class='ocrx_word' id='word_1_77' title='bbox 129 1833 131 1836; x_wconf 73' lang='grc'><strong>,</strong></span> <span class='ocrx_word' id='word_1_78' title='bbox 237 1765 322 1828; x_wconf 89' lang='lat' dir='ltr'><strong>ritas</strong></span> <span class='ocrx_word' id='word_1_79' title='bbox 347 1765 520 1831; x_wconf 90' lang='lat' dir='ltr'><strong>innotuit:</strong></span> <span class='ocrx_word' id='word_1_80' title='bbox 555 1771 766 1847; x_wconf 89' lang='lat' dir='ltr'><strong>quapropter</strong></span> <span class='ocrx_word' id='word_1_81' title='bbox 789 1771 1022 1847; x_wconf 90' lang='lat' dir='ltr'><strong>opportunum</strong></span> <span class='ocrx_word' id='word_1_82' title='bbox 1041 1765 1190 1828; x_wconf 83' lang='lat' dir='ltr'><strong>arbitror</strong></span> 
     </span>
    </p>
   </div>
   <div class='ocr_carea' id='block_1_4' title="bbox 232 1863 1191 2444">
    <p class='ocr_par' dir='ltr' id='par_1_4' title="bbox 232 1863 1191 2444">
     <span class='ocr_line' id='line_1_14' title="bbox 237 1863 1189 1949; baseline 0 -21"><span class='ocrx_word' id='word_1_83' title='bbox 237 1865 306 1928; x_wconf 89' lang='lat' dir='ltr'><strong>tuis</strong></span> <span class='ocrx_word' id='word_1_84' title='bbox 339 1865 468 1929; x_wconf 89' lang='lat' dir='ltr'><strong>sanctis</strong></span> <span class='ocrx_word' id='word_1_85' title='bbox 494 1865 707 1949; x_wconf 89' lang='lat' dir='ltr'><strong>jussionibus</strong></span> <span class='ocrx_word' id='word_1_86' title='bbox 729 1883 846 1928; x_wconf 88' lang='lat' dir='ltr'><strong>aurem</strong></span> <span class='ocrx_word' id='word_1_87' title='bbox 874 1863 1078 1928; x_wconf 85' lang='lat' dir='ltr'><strong>obedientiae</strong></span> <span class='ocrx_word' id='word_1_88' title='bbox 1107 1883 1189 1928; x_wconf 91' lang='lat' dir='ltr'><strong>nos-</strong></span> 
     </span>
     <span class='ocr_line' id='line_1_15' title="bbox 237 1963 1189 2046; baseline 0 -18"><span class='ocrx_word' id='word_1_89' title='bbox 237 1971 302 2028; x_wconf 84' lang='lat' dir='ltr'><strong>trae</strong></span> <span class='ocrx_word' id='word_1_90' title='bbox 324 1963 498 2028; x_wconf 89' lang='lat' dir='ltr'><strong>humiliter</strong></span> <span class='ocrx_word' id='word_1_91' title='bbox 517 1964 688 2041; x_wconf 89' lang='lat' dir='ltr'><strong>inclinari,</strong></span> <span class='ocrx_word' id='word_1_92' title='bbox 711 1970 847 2046; x_wconf 85' lang='lat' dir='ltr'><strong>atquae</strong></span> <span class='ocrx_word' id='word_1_93' title='bbox 878 1969 948 2027; x_wconf 89' lang='lat' dir='ltr'><strong>tuae</strong></span> <span class='ocrx_word' id='word_1_94' title='bbox 980 1963 1101 2046; x_wconf 89' lang='lat' dir='ltr'><strong>pietati</strong></span> <span class='ocrx_word' id='word_1_95' title='bbox 1124 1965 1189 2028; x_wconf 91' lang='lat' dir='ltr'><strong>rite</strong></span> 
     </span>
     <span class='ocr_line' id='line_1_16' title="bbox 232 2059 1188 2146; baseline 0.001 -20"><span class='ocrx_word' id='word_1_96' title='bbox 232 2059 336 2127; x_wconf 86' lang='lat' dir='ltr'><strong>¹nobis</strong></span> <span class='ocrx_word' id='word_1_97' title='bbox 368 2062 543 2146; x_wconf 87' lang='lat' dir='ltr'><strong>sequenda</strong></span> <span class='ocrx_word' id='word_1_98' title='bbox 571 2062 753 2130; x_wconf 85' lang='lat' dir='ltr'><strong>videantur</strong></span> <span class='ocrx_word' id='word_1_99' title='bbox 781 2071 855 2130; x_wconf 92' lang='lat' dir='ltr'><strong>toto</strong></span> <span class='ocrx_word' id='word_1_100' title='bbox 888 2064 965 2126; x_wconf 90' lang='lat' dir='ltr'><strong>nisu</strong></span> <span class='ocrx_word' id='word_1_101' title='bbox 994 2063 1188 2146; x_wconf 88' lang='lat' dir='ltr'><strong>implenda;</strong></span> 
     </span>
     <span class='ocr_line' id='line_1_17' title="bbox 238 2161 1190 2245; baseline 0 -19"><span class='ocrx_word' id='word_1_102' title='bbox 238 2182 316 2245; x_wconf 87' lang='lat' dir='ltr'><strong>quae</strong></span> <span class='ocrx_word' id='word_1_103' title='bbox 330 2183 428 2228; x_wconf 67' lang='lat' dir='ltr'><strong>,vero</strong></span> <span class='ocrx_word' id='word_1_104' title='bbox 458 2163 585 2228; x_wconf 89' lang='lat' dir='ltr'><strong>rationi</strong></span> <span class='ocrx_word' id='word_1_105' title='bbox 613 2163 786 2228; x_wconf 86' lang='lat' dir='ltr'><strong>contraria</strong></span> <span class='ocrx_word' id='word_1_106' title='bbox 820 2163 1034 2245; x_wconf 88' lang='lat' dir='ltr'><strong>deprehensa</strong></span> <span class='ocrx_word' id='word_1_107' title='bbox 1061 2161 1190 2226; x_wconf 88' lang='lat' dir='ltr'><strong>fuerint</strong></span> 
     </span>
     <span class='ocr_line' id='line_1_18' title="bbox 238 2256 1189 2341; baseline -0.003 -13"><span class='ocrx_word' id='word_1_108' title='bbox 238 2262 340 2328; x_wconf 89' lang='lat' dir='ltr'><strong>citius</strong></span> <span class='ocrx_word' id='word_1_109' title='bbox 355 2263 572 2341; x_wconf 87' lang='lat' dir='ltr'><strong>declinanda,</strong></span> <span class='ocrx_word' id='word_1_110' title='bbox 595 2282 636 2326; x_wconf 90' lang='lat' dir='ltr'><strong>ac</strong></span> <span class='ocrx_word' id='word_1_111' title='bbox 650 2263 786 2326; x_wconf 88' lang='lat' dir='ltr'><strong>interim</strong></span> <span class='ocrx_word' id='word_1_112' title='bbox 809 2282 831 2326; x_wconf 89' lang='lat' dir='ltr'><strong>a</strong></span> <span class='ocrx_word' id='word_1_113' title='bbox 852 2256 1189 2326; x_wconf 81' lang='lat' dir='ltr'><strong>nobis¹oinnimodis</strong></span> 
     </span>
     <span class='ocr_line' id='line_1_19' title="bbox 238 2361 1191 2444; baseline 0.002 -21"><span class='ocrx_word' id='word_1_114' title='bbox 238 2362 433 2426; x_wconf 87' lang='lat' dir='ltr'><strong>resecanda.</strong></span> <span class='ocrx_word' id='word_1_115' title='bbox 487 2362 555 2426; x_wconf 85' lang='lat' dir='ltr'><strong>Sed</strong></span> <span class='ocrx_word' id='word_1_116' title='bbox 569 2362 671 2426; x_wconf 91' lang='lat' dir='ltr'><strong>modo</strong></span> <span class='ocrx_word' id='word_1_117' title='bbox 696 2382 762 2444; x_wconf 90' lang='lat' dir='ltr'><strong>ego</strong></span> <span class='ocrx_word' id='word_1_118' title='bbox 786 2361 972 2439; x_wconf 85' lang='lat' dir='ltr'><strong>Kenulfus,</strong></span> <span class='ocrx_word' id='word_1_119' title='bbox 992 2363 1107 2444; x_wconf 88' lang='lat' dir='ltr'><strong>gratia</strong></span> <span class='ocrx_word' id='word_1_120' title='bbox 1121 2361 1191 2425; x_wconf 91' lang='lat' dir='ltr'><strong>Dei</strong></span> 
     </span>
    </p>
   </div>
   <div class='ocr_carea' id='block_1_5' title="bbox 237 2461 1293 2539">
    <p class='ocr_par' dir='ltr' id='par_1_5' title="bbox 237 2461 1293 2539">
     <span class='ocr_line' id='line_1_20' title="bbox 237 2461 1293 2539; baseline -0.003 -12"><span class='ocrx_word' id='word_1_121' title='bbox 237 2482 312 2539; x_wconf 84' lang='lat' dir='ltr'><strong>rex,</strong></span> <span class='ocrx_word' id='word_1_122' title='bbox 336 2461 576 2526; x_wconf 84' lang='lat' dir='ltr'><strong>excellentiam</strong></span> <span class='ocrx_word' id='word_1_123' title='bbox 598 2469 694 2526; x_wconf 91' lang='lat' dir='ltr'><strong>tuam</strong></span> <span class='ocrx_word' id='word_1_124' title='bbox 716 2461 854 2525; x_wconf 89' lang='lat' dir='ltr'><strong>humilis</strong></span> <span class='ocrx_word' id='word_1_125' title='bbox 870 2480 990 2538; x_wconf 88' lang='lat' dir='ltr'><strong>exoro,</strong></span> <span class='ocrx_word' id='word_1_126' title='bbox 1004 2470 1043 2526; x_wconf 93' lang='lat' dir='ltr'><strong>ut</strong></span> <span class='ocrx_word' id='word_1_127' title='bbox 1060 2473 1094 2525; x_wconf 85' lang='lat' dir='ltr'><strong>te</strong></span> <span class='ocrx_word' id='word_1_128' title='bbox 1114 2461 1189 2525; x_wconf 89' lang='lat' dir='ltr'><strong>sine</strong></span> <span class='ocrx_word' id='word_1_129' title='bbox 1291 2479 1293 2484; x_wconf 89' lang='lat'>·</span> 
     </span>
    </p>
   </div>
   <div class='ocr_carea' id='block_1_6' title="bbox 207 2559 1192 4135">
    <p class='ocr_par' dir='ltr' id='par_1_6' title="bbox 207 2559 1192 4135">
     <span class='ocr_line' id='line_1_21' title="bbox 240 2559 1189 2643; baseline 0 -19"><span class='ocrx_word' id='word_1_130' title='bbox 240 2560 428 2626; x_wconf 87' lang='lat' dir='ltr'><strong>offensione</strong></span> <span class='ocrx_word' id='word_1_131' title='bbox 454 2562 560 2624; x_wconf 92' lang='lat' dir='ltr'><strong>animi</strong></span> <span class='ocrx_word' id='word_1_132' title='bbox 585 2561 703 2637; x_wconf 86' lang='lat' dir='ltr'><strong>vestri,</strong></span> <span class='ocrx_word' id='word_1_133' title='bbox 734 2561 777 2624; x_wconf 89' lang='lat' dir='ltr'><strong>de</strong></span> <span class='ocrx_word' id='word_1_134' title='bbox 806 2559 963 2643; x_wconf 84' lang='lat' dir='ltr'><strong>prosectu</strong></span> <span class='ocrx_word' id='word_1_135' title='bbox 995 2567 1127 2638; x_wconf 88' lang='lat' dir='ltr'><strong>nostro,</strong></span> <span class='ocrx_word' id='word_1_136' title='bbox 1149 2567 1189 2624; x_wconf 91' lang='lat' dir='ltr'><strong>ut</strong></span> 
     </span>
     <span class='ocr_line' id='line_1_22' title="bbox 240 2660 1188 2743; baseline -0.001 -19"><span class='ocrx_word' id='word_1_137' title='bbox 240 2667 412 2742; x_wconf 68' lang='lat' dir='ltr'><strong>optamus,</strong></span> <span class='ocrx_word' id='word_1_138' title='bbox 436 2660 539 2724; x_wconf 89' lang='lat' dir='ltr'><strong>liceat</strong></span> <span class='ocrx_word' id='word_1_139' title='bbox 553 2660 695 2743; x_wconf 85' lang='lat' dir='ltr'><strong>alloqui,</strong></span> <span class='ocrx_word' id='word_1_140' title='bbox 710 2667 881 2742; x_wconf 90' lang='lat' dir='ltr'><strong>quatenus</strong></span> <span class='ocrx_word' id='word_1_141' title='bbox 901 2680 955 2723; x_wconf 87' lang='lat' dir='ltr'><strong>mo</strong></span> <span class='ocrx_word' id='word_1_142' title='bbox 969 2660 1005 2723; x_wconf 90' lang='lat' dir='ltr'><strong>in</strong></span> <span class='ocrx_word' id='word_1_143' title='bbox 1021 2660 1188 2742; x_wconf 87' lang='lat' dir='ltr'><strong>gremium</strong></span> 
     </span>
     <span class='ocr_line' id='line_1_23' title="bbox 239 2757 1189 2843; baseline 0 -21"><span class='ocrx_word' id='word_1_144' title='bbox 239 2761 379 2842; x_wconf 82' lang='lat' dir='ltr'><strong>pietatis</strong></span> <span class='ocrx_word' id='word_1_145' title='bbox 403 2767 472 2824; x_wconf 84' lang='lat' dir='ltr'><strong>tuae</strong></span> <span class='ocrx_word' id='word_1_146' title='bbox 496 2760 685 2843; x_wconf 88' lang='lat' dir='ltr'><strong>tranquilla</strong></span> <span class='ocrx_word' id='word_1_147' title='bbox 706 2779 792 2840; x_wconf 90' lang='lat' dir='ltr'><strong>pace</strong></span> <span class='ocrx_word' id='word_1_148' title='bbox 817 2757 999 2841; x_wconf 86' lang='lat' dir='ltr'><strong>percipias,</strong></span> <span class='ocrx_word' id='word_1_149' title='bbox 1025 2765 1060 2822; x_wconf 86' lang='lat' dir='ltr'><strong>et</strong></span> <span class='ocrx_word' id='word_1_150' title='bbox 1087 2777 1189 2840; x_wconf 90' lang='lat' dir='ltr'><strong>quem</strong></span> 
     </span>
     <span class='ocr_line' id='line_1_24' title="bbox 240 2857 1188 2940; baseline -0.001 -17"><span class='ocrx_word' id='word_1_151' title='bbox 240 2861 439 2924; x_wconf 88' lang='lat' dir='ltr'><strong>meritorum</strong></span> <span class='ocrx_word' id='word_1_152' title='bbox 464 2859 561 2923; x_wconf 88' lang='lat' dir='ltr'><strong>nulla</strong></span> <span class='ocrx_word' id='word_1_153' title='bbox 587 2859 735 2923; x_wconf 79' lang='lat' dir='ltr'><strong>facultas</strong></span> <span class='ocrx_word' id='word_1_154' title='bbox 763 2858 876 2940; x_wconf 81' lang='lat' dir='ltr'><strong>erigit,</strong></span> <span class='ocrx_word' id='word_1_155' title='bbox 904 2857 1004 2938; x_wconf 88' lang='lat' dir='ltr'><strong>larga</strong></span> <span class='ocrx_word' id='word_1_156' title='bbox 1028 2857 1188 2922; x_wconf 83' lang='lat' dir='ltr'><strong>benedic-</strong></span> 
     </span>
     <span class='ocr_line' id='line_1_25' title="bbox 240 2956 1188 3041; baseline -0.002 -18"><span class='ocrx_word' id='word_1_157' title='bbox 240 2958 344 3023; x_wconf 87' lang='lat' dir='ltr'><strong>tionis</strong></span> <span class='ocrx_word' id='word_1_158' title='bbox 360 2967 430 3023; x_wconf 89' lang='lat' dir='ltr'><strong>tuae</strong></span> <span class='ocrx_word' id='word_1_159' title='bbox 446 2959 585 3023; x_wconf 88' lang='lat' dir='ltr'><strong>ubertas</strong></span> <span class='ocrx_word' id='word_1_160' title='bbox 602 2959 646 3022; x_wconf 91' lang='lat' dir='ltr'><strong>ad</strong></span> <span class='ocrx_word' id='word_1_161' title='bbox 660 2958 794 3041; x_wconf 87' lang='lat' dir='ltr'><strong>plebem</strong></span> <span class='ocrx_word' id='word_1_162' title='bbox 815 2976 912 3021; x_wconf 89' lang='lat' dir='ltr'><strong>suam</strong></span> <span class='ocrx_word' id='word_1_163' title='bbox 929 2958 1115 3039; x_wconf 90' lang='lat' dir='ltr'><strong>regendam</strong></span> <span class='ocrx_word' id='word_1_164' title='bbox 1136 2956 1188 3021; x_wconf 90' lang='lat' dir='ltr'><strong>lo·</strong></span> 
     </span>
     <span class='ocr_line' id='line_1_26' title="bbox 240 3059 1191 3140; baseline -0.001 -19"><span class='ocrx_word' id='word_1_165' title='bbox 240 3059 412 3140; x_wconf 84' lang='lat' dir='ltr'><strong>cupletet3</strong></span> <span class='ocrx_word' id='word_1_166' title='bbox 447 3065 486 3122; x_wconf 93' lang='lat' dir='ltr'><strong>ut</strong></span> <span class='ocrx_word' id='word_1_167' title='bbox 512 3077 583 3122; x_wconf 92' lang='lat' dir='ltr'><strong>una</strong></span> <span class='ocrx_word' id='word_1_168' title='bbox 606 3063 739 3122; x_wconf 86' lang='lat' dir='ltr'><strong>mecum</strong></span> <span class='ocrx_word' id='word_1_169' title='bbox 768 3063 924 3139; x_wconf 81' lang='lat' dir='ltr'><strong>gentem,</strong></span> <span class='ocrx_word' id='word_1_170' title='bbox 944 3076 1047 3139; x_wconf 89' lang='lat' dir='ltr'><strong>quam</strong></span> <span class='ocrx_word' id='word_1_171' title='bbox 1073 3063 1191 3122; x_wconf 88' lang='lat' dir='ltr'><strong>vestra</strong></span> 
     </span>
     <span class='ocr_line' id='line_1_27' title="bbox 240 3157 1191 3240; baseline 0 -20"><span class='ocrx_word' id='word_1_172' title='bbox 240 3158 433 3240; x_wconf 89' lang='lat' dir='ltr'><strong>apostolica</strong></span> <span class='ocrx_word' id='word_1_173' title='bbox 454 3157 643 3221; x_wconf 89' lang='lat' dir='ltr'><strong>auctoritas</strong></span> <span class='ocrx_word' id='word_1_174' title='bbox 658 3157 738 3221; x_wconf 89' lang='lat' dir='ltr'><strong>fidei</strong></span> <span class='ocrx_word' id='word_1_175' title='bbox 756 3157 958 3222; x_wconf 85' lang='lat' dir='ltr'><strong>rudimentis</strong></span> <span class='ocrx_word' id='word_1_176' title='bbox 979 3157 1113 3234; x_wconf 91' lang='lat' dir='ltr'><strong>imbuit,</strong></span> <span class='ocrx_word' id='word_1_177' title='bbox 1129 3177 1191 3238; x_wconf 92' lang='lat' dir='ltr'><strong>per</strong></span> 
     </span>
     <span class='ocr_line' id='line_1_28' title="bbox 239 3248 1190 3339; baseline 0.001 -21"><span class='ocrx_word' id='word_1_178' title='bbox 239 3248 645 3321; x_wconf 75' lang='lat' dir='ltr'><strong>intercessionem&#39;tuam</strong></span> <span class='ocrx_word' id='word_1_179' title='bbox 671 3263 794 3320; x_wconf 90' lang='lat' dir='ltr'><strong>contra</strong></span> <span class='ocrx_word' id='word_1_180' title='bbox 817 3257 966 3339; x_wconf 91' lang='lat' dir='ltr'><strong>impetus</strong></span> <span class='ocrx_word' id='word_1_181' title='bbox 993 3264 1190 3321; x_wconf 86' lang='lat' dir='ltr'><strong>exterorum</strong></span> 
     </span>
     <span class='ocr_line' id='line_1_29' title="bbox 243 3355 1191 3438; baseline -0.001 -19"><span class='ocrx_word' id='word_1_182' title='bbox 243 3355 470 3438; x_wconf 90' lang='lat' dir='ltr'><strong>Omnipotens</strong></span> <span class='ocrx_word' id='word_1_183' title='bbox 485 3355 609 3438; x_wconf 90' lang='lat' dir='ltr'><strong>erigat,</strong></span> <span class='ocrx_word' id='word_1_184' title='bbox 633 3361 669 3419; x_wconf 86' lang='lat' dir='ltr'><strong>et</strong></span> <span class='ocrx_word' id='word_1_185' title='bbox 690 3375 753 3438; x_wconf 89' lang='lat' dir='ltr'><strong>per</strong></span> <span class='ocrx_word' id='word_1_186' title='bbox 770 3374 807 3418; x_wconf 92' lang='lat' dir='ltr'><strong>se</strong></span> <span class='ocrx_word' id='word_1_187' title='bbox 826 3376 983 3436; x_wconf 90' lang='lat' dir='ltr'><strong>regnum,</strong></span> <span class='ocrx_word' id='word_1_188' title='bbox 1003 3355 1095 3436; x_wconf 93' lang='lat' dir='ltr'><strong>quod</strong></span> <span class='ocrx_word' id='word_1_189' title='bbox 1116 3355 1191 3437; x_wconf 88' lang='lat' dir='ltr'><strong>ipse</strong></span> 
     </span>
     <span class='ocr_line' id='line_1_30' title="bbox 242 3452 1190 3536; baseline -0.002 -18"><span class='ocrx_word' id='word_1_190' title='bbox 242 3454 339 3518; x_wconf 91' lang='lat' dir='ltr'><strong>Deus</strong></span> <span class='ocrx_word' id='word_1_191' title='bbox 355 3455 450 3519; x_wconf 89' lang='lat' dir='ltr'><strong>dedit</strong></span> <span class='ocrx_word' id='word_1_192' title='bbox 464 3454 575 3533; x_wconf 90' lang='lat' dir='ltr'><strong>nobis,</strong></span> <span class='ocrx_word' id='word_1_193' title='bbox 590 3455 736 3520; x_wconf 90' lang='lat' dir='ltr'><strong>dilatare</strong></span> <span class='ocrx_word' id='word_1_194' title='bbox 751 3455 924 3536; x_wconf 84' lang='lat' dir='ltr'><strong>dignetur.</strong></span> <span class='ocrx_word' id='word_1_195' title='bbox 968 3452 1072 3517; x_wconf 87' lang='lat' dir='ltr'><strong>Hanc</strong></span> <span class='ocrx_word' id='word_1_196' title='bbox 1085 3455 1190 3516; x_wconf 91' lang='lat' dir='ltr'><strong>bene-</strong></span> 
     </span>
     <span class='ocr_line' id='line_1_31' title="bbox 240 3551 1192 3637; baseline -0.001 -20"><span class='ocrx_word' id='word_1_197' title='bbox 240 3554 424 3619; x_wconf 88' lang='lat' dir='ltr'><strong>dictionem</strong></span> <span class='ocrx_word' id='word_1_198' title='bbox 449 3573 579 3632; x_wconf 77' lang='lat' dir='ltr'><strong>omneS,</strong></span> <span class='ocrx_word' id='word_1_199' title='bbox 603 3555 763 3637; x_wconf 89' lang='lat' dir='ltr'><strong>quiante</strong></span> <span class='ocrx_word' id='word_1_200' title='bbox 787 3573 840 3616; x_wconf 89' lang='lat' dir='ltr'><strong>me</strong></span> <span class='ocrx_word' id='word_1_201' title='bbox 865 3559 1001 3635; x_wconf 90' lang='lat' dir='ltr'><strong>sceptro</strong></span> <span class='ocrx_word' id='word_1_202' title='bbox 1022 3551 1192 3635; x_wconf 85' lang='lat' dir='ltr'><strong>praefuere</strong></span> 
     </span>
     <span class='ocr_line' id='line_1_32' title="bbox 242 3651 1191 3731; baseline -0.002 -15"><span class='ocrx_word' id='word_1_203' title='bbox 242 3653 464 3731; x_wconf 83' lang='lat' dir='ltr'><strong>Marciorum,</strong></span> <span class='ocrx_word' id='word_1_204' title='bbox 477 3661 677 3719; x_wconf 89' lang='lat' dir='ltr'><strong>meruerunt</strong></span> <span class='ocrx_word' id='word_1_205' title='bbox 690 3654 734 3717; x_wconf 88' lang='lat' dir='ltr'><strong>ab</strong></span> <span class='ocrx_word' id='word_1_206' title='bbox 749 3651 1023 3717; x_wconf 86' lang='lat' dir='ltr'><strong>antecessoribus</strong></span> <span class='ocrx_word' id='word_1_207' title='bbox 1038 3652 1108 3716; x_wconf 93' lang='lat' dir='ltr'><strong>tuis</strong></span> <span class='ocrx_word' id='word_1_208' title='bbox 1117 3651 1191 3715; x_wconf 88' lang='lat' dir='ltr'><strong>adi-</strong></span> 
     </span>
     <span class='ocr_line' id='line_1_33' title="bbox 241 3750 1191 3838; baseline -0.003 -21"><span class='ocrx_word' id='word_1_209' title='bbox 241 3753 327 3834; x_wconf 84' lang='lat' dir='ltr'><strong>pisci</strong></span> <span class='ocrx_word' id='word_1_210' title='bbox 342 3775 350 3833; x_wconf 94' lang='lat'>;</span> <span class='ocrx_word' id='word_1_211' title='bbox 375 3753 464 3817; x_wconf 89' lang='lat' dir='ltr'><strong>hanc</strong></span> <span class='ocrx_word' id='word_1_212' title='bbox 478 3754 553 3836; x_wconf 86' lang='lat' dir='ltr'><strong>ipse</strong></span> <span class='ocrx_word' id='word_1_213' title='bbox 566 3752 706 3817; x_wconf 90' lang='lat' dir='ltr'><strong>humilis</strong></span> <span class='ocrx_word' id='word_1_214' title='bbox 717 3759 810 3835; x_wconf 90' lang='lat' dir='ltr'><strong>peto,</strong></span> <span class='ocrx_word' id='word_1_215' title='bbox 825 3759 861 3816; x_wconf 88' lang='lat' dir='ltr'><strong>et</strong></span> <span class='ocrx_word' id='word_1_216' title='bbox 875 3771 897 3815; x_wconf 92' lang='lat' dir='ltr'><strong>a</strong></span> <span class='ocrx_word' id='word_1_217' title='bbox 911 3751 1009 3817; x_wconf 87' lang='lat' dir='ltr'><strong>vobis</strong></span> <span class='ocrx_word' id='word_1_218' title='bbox 1024 3750 1074 3838; x_wconf 89' lang='lat'><strong>(0</strong></span> <span class='ocrx_word' id='word_1_219' title='bbox 1090 3769 1191 3815; x_wconf 85' lang='lat' dir='ltr'><strong>sanc·</strong></span> 
     </span>
     <span class='ocr_line' id='line_1_34' title="bbox 207 3849 1192 3936; baseline -0.001 -21"><span class='ocrx_word' id='word_1_220' title='bbox 207 3919 209 3924; x_wconf 67' lang='lat'><strong>,</strong></span> <span class='ocrx_word' id='word_1_221' title='bbox 241 3849 405 3936; x_wconf 88' lang='lat' dir='ltr'><strong>tissimi!)</strong></span> <span class='ocrx_word' id='word_1_222' title='bbox 431 3853 617 3935; x_wconf 89' lang='lat' dir='ltr'><strong>impetrare</strong></span> <span class='ocrx_word' id='word_1_223' title='bbox 654 3853 768 3934; x_wconf 88' lang='lat' dir='ltr'><strong>cupio,</strong></span> <span class='ocrx_word' id='word_1_224' title='bbox 799 3860 970 3934; x_wconf 89' lang='lat' dir='ltr'><strong>quatenus</strong></span> <span class='ocrx_word' id='word_1_225' title='bbox 1006 3851 1042 3914; x_wconf 93' lang='lat' dir='ltr'><strong>in</strong></span> <span class='ocrx_word' id='word_1_226' title='bbox 1073 3850 1192 3933; x_wconf 86' lang='lat' dir='ltr'><strong>primis</strong></span> 
     </span>
     <span class='ocr_line' id='line_1_35' title="bbox 242 3949 1192 4034; baseline -0.003 -19"><span class='ocrx_word' id='word_1_227' title='bbox 242 3951 437 4034; x_wconf 87' lang='lat' dir='ltr'><strong>adoptionis</strong></span> <span class='ocrx_word' id='word_1_228' title='bbox 462 3959 556 4017; x_wconf 88' lang='lat' dir='ltr'><strong>sorte</strong></span> <span class='ocrx_word' id='word_1_229' title='bbox 578 3972 632 4016; x_wconf 90' lang='lat' dir='ltr'><strong>me</strong></span> <span class='ocrx_word' id='word_1_230' title='bbox 658 3952 722 4016; x_wconf 87' lang='lat' dir='ltr'><strong>tibi</strong></span> <span class='ocrx_word' id='word_1_231' title='bbox 742 3952 851 4015; x_wconf 89' lang='lat' dir='ltr'><strong>filium</strong></span> <span class='ocrx_word' id='word_1_232' title='bbox 875 3951 1055 4033; x_wconf 71' lang='lat' dir='ltr'><strong>suscipias</strong></span> <span class='ocrx_word' id='word_1_233' title='bbox 1090 3949 1192 4013; x_wconf 88' lang='lat' dir='ltr'><strong>sicuti</strong></span> 
     </span>
     <span class='ocr_line' id='line_1_36' title="bbox 224 4048 1192 4135; baseline -0.004 -19"><span class='ocrx_word' id='word_1_234' title='bbox 224 4051 278 4116; x_wconf 87' lang='lat' dir='ltr'><strong>&#39;te</strong></span> <span class='ocrx_word' id='word_1_235' title='bbox 303 4051 340 4114; x_wconf 91' lang='lat' dir='ltr'><strong>in</strong></span> <span class='ocrx_word' id='word_1_236' title='bbox 366 4051 475 4135; x_wconf 89' lang='lat' dir='ltr'><strong>patris</strong></span> <span class='ocrx_word' id='word_1_237' title='bbox 498 4070 647 4134; x_wconf 87' lang='lat' dir='ltr'><strong>persona</strong></span> <span class='ocrx_word' id='word_1_238' title='bbox 670 4051 789 4133; x_wconf 88' lang='lat' dir='ltr'><strong>diligo,</strong></span> <span class='ocrx_word' id='word_1_239' title='bbox 819 4057 855 4114; x_wconf 92' lang='lat' dir='ltr'><strong>et</strong></span> <span class='ocrx_word' id='word_1_240' title='bbox 882 4051 966 4114; x_wconf 91' lang='lat' dir='ltr'><strong>totis</strong></span> <span class='ocrx_word' id='word_1_241' title='bbox 988 4048 1192 4112; x_wconf 78' lang='lat' dir='ltr'><strong>obedientiae</strong></span> 
     </span>
    </p>
   </div>
   <div class='ocr_carea' id='block_1_7' title="bbox 291 4280 1151 4348">
    <p class='ocr_par' dir='ltr' id='par_1_7' title="bbox 291 4280 1151 4348">
     <span class='ocr_line' id='line_1_37' title="bbox 291 4280 1151 4348; baseline -0.001 -16"><span class='ocrx_word' id='word_1_242' title='bbox 291 4281 297 4310; x_wconf 93' lang='lat'>¹</span> <span class='ocrx_word' id='word_1_243' title='bbox 310 4282 525 4348; x_wconf 78' lang='lat' dir='ltr'><strong>omnimodis.]11.</strong></span> <span class='ocrx_word' id='word_1_244' title='bbox 535 4285 565 4334; x_wconf 86' lang='lat' dir='ltr'><strong>G.</strong></span> <span class='ocrx_word' id='word_1_245' title='bbox 573 4284 608 4335; x_wconf 92' lang='lat' dir='ltr'><strong>D.</strong></span> <span class='ocrx_word' id='word_1_246' title='bbox 618 4283 649 4335; x_wconf 80' lang='lat' dir='ltr'><strong>L.</strong></span> <span class='ocrx_word' id='word_1_247' title='bbox 657 4283 713 4344; x_wconf 87' lang='lat' dir='ltr'><strong>M.;</strong></span> <span class='ocrx_word' id='word_1_248' title='bbox 730 4280 880 4344; x_wconf 85' lang='lat' dir='ltr'><strong>omnimodo,</strong></span> <span class='ocrx_word' id='word_1_249' title='bbox 892 4281 940 4343; x_wconf 81' lang='lat' dir='ltr'><strong>S‚;</strong></span> <span class='ocrx_word' id='word_1_250' title='bbox 956 4280 1106 4344; x_wconf 88' lang='lat' dir='ltr'><strong>omnimode,</strong></span> <span class='ocrx_word' id='word_1_251' title='bbox 1121 4281 1151 4331; x_wconf 85' lang='grc' dir='ltr'><strong>Ε.</strong></span> 
     </span>
    </p>
   </div>
   <div class='ocr_carea' id='block_1_8' title="bbox 0 0 1609 5060">
    <p class='ocr_par' dir='ltr' id='par_1_8' title="bbox 0 0 1609 5060">
     <span class='ocr_line' id='line_1_38' title="bbox 0 0 1609 5060; baseline 0 0"><span class='ocrx_word' id='word_1_252' title='bbox 0 0 1609 5060; x_wconf 95' lang='lat' dir='ltr'><strong> </strong></span> 
     </span>
    </p>
   </div>
  </div>
 </body>
</html>
