3180 5048
413 491 479 554 240
637 504 750 552 cnsrn
775 503 901 552 ancon
926 503 1140 551 tincaonun.
1224 489 1310 568 [nra.
1330 503 1375 549 11:

415 661 563 743 replevit
579 661 756 725 monachis
772 659 1001 742 regularibus.
1036 653 1245 741 ¹Expulerat
1262 664 1367 721 antea

415 761 527 842 regali
537 760 697 844 jussione
713 759 939 824 Adelwoldns
956 758 1101 822 clericos
1119 757 1161 820 de
1172 757 1365 834 Wintonia,

416 861 476 942 qui
502 879 594 937 cum,
621 853 724 924 ²data
754 858 820 921 sibi
849 857 990 940 optione
1013 864 1052 919 ut
1076 863 1137 919 ant
1160 857 1365 938 regulariter

415 959 573 1022 viverent
594 965 656 1022 aut
673 960 751 1022 loco
771 956 944 1032 cederent,
966 957 1079 1037 magis
1095 956 1204 1019 vitam
1227 954 1365 1019 mollem

416 1057 614 1138 elegissent,
636 1063 719 1121 tunc
743 1063 820 1120 tota
844 1056 958 1118 insula
981 1055 1122 1118 incertis
1146 1055 1365 1135 vagabantur

414 1156 566 1220 sedibus.
630 1155 690 1221 Ita
713 1155 766 1219 his
793 1155 905 1219 tribus
930 1153 1013 1218 viris
1042 1154 1238 1236 agentibus
1265 1154 1365 1235 quasi

415 1254 563 1319 triformi
586 1256 715 1319 lumine
737 1252 903 1335 Angliam
927 1257 1121 1329 serenante,
1143 1252 1258 1316 densae
1282 1253 1363 1315 viti·
1406 1317 1409 1328 ,

414 1374 514 1418 orum
542 1355 692 1418 tenebrae
708 1347 909 1417 ⁸evanuere.
961 1345 1061 1430 ⁴Quo
1088 1351 1219 1415 factum
1240 1358 1306 1428 est,
1323 1358 1363 1415 ut

414 1453 576 1534 Edgarus
590 1453 870 1518 Glastoniensem
893 1451 1084 1528 ecclesiam,
1102 1469 1206 1532 quam
1228 1469 1363 1532 semper

414 1572 486 1634 prae
526 1553 683 1616 omnibus
722 1542 858 1627 dilexit,
904 1550 1041 1630 magnis
1086 1550 1363 1633 possessionibus

414 1651 662 1734 amplificaret3
697 1659 732 1714 et
762 1651 799 1712 in
832 1649 1003 1725 omnibus,
1031 1668 1109 1730 quae
1138 1649 1182 1712 ad
1207 1649 1362 1712 ecclesiae

414 1750 575 1833 decorem¹
599 1751 673 1815 sive
695 1749 881 1814 utilitatem
908 1749 1094 1828 pertinent,
1123 1753 1195 1810 tam
1217 1747 1362 1810 interius

413 1868 517 1932 quam
552 1851 705 1914 exterius
737 1847 947 1930 invigilaret.
1009 1845 1237 1926 Privilegium
1265 1865 1362 1923 sane,

413 1948 506 2030 quod
532 1947 643 2012 eidem
666 1947 821 2011 ecclesiae
847 1944 1007 2022 contulit,
1033 1945 1114 2009 huic
1140 1951 1268 2008 nostrae
1291 1946 1362 2008 his·

413 2047 524 2122 toriae,
547 2047 637 2110 sicut
658 2048 695 2111 in
719 2066 836 2110 eorum
860 2043 1005 2127 antiqua
1028 2044 1170 2108 scedula
1186 2044 1268 2124 legi,
1292 2065 1361 2109 non

413 2152 467 2209 est
488 2145 675 2210 absurdum
688 2146 849 2209 inserere.

253 2261 367 2351 5313ng
465 2244 569 2328 5150.
588 2239 673 2307 ‘⁵In
684 2244 823 2308 nomine
840 2243 982 2309 Domini
996 2246 1106 2309 nostri
1115 2246 1138 2310 J
1141 2265 1204 2310 esu
1219 2243 1360 2308 Christi.

249 2362 392 2460 2333?an
413 2342 583 2421 Quamvis
609 2344 748 2408 decreta
778 2341 980 2427 pontificum
1006 2352 1042 2410 et
1068 2348 1175 2409 verba
1200 2344 1361 2408 sacerdo·

447 2533 456 2567 ¹
469 2539 608 2601 Expulerat
620 2574 627 2587 .
640 2572 647 2587 .
661 2573 668 2588 .
680 2539 709 2586 dc
724 2537 874 2599 Wiatonic]
898 2549 954 2598 rex,
964 2537 1032 2586 tilius
1042 2537 1189 2586 Aedmnndi
1199 2537 1276 2598 regis,
1287 2538 1361 2597 quus

410 2607 464 2655 The
476 2607 575 2656 secular
581 2608 673 2669 priests
680 2621 748 2655 were
756 2605 873 2667 expelled
899 2605 1012 2654 studium
1024 2606 1117 2654 divinis
1129 2607 1240 2655 cultibus
1259 2607 1361 2666 potissi-

410 2676 475 2725 from
486 2677 528 2726 the
540 2677 582 2726 old
592 2679 697 2725 minster
707 2681 734 2724 at
742 2676 874 2725 Winches·
898 2688 967 2722 mum
989 2676 1148 2738 invigilabat,
1176 2675 1209 2724 ad
1236 2680 1361 2724 monaste-

411 2750 450 2795 ter
461 2748 492 2803 in,
498 2747 540 2796 the
552 2762 613 2807 year
628 2750 687 2808 96³,
697 2747 732 2807 by
743 2746 874 2796 command
898 2744 963 2792 rium
982 2749 1076 2794 sanctae
1087 2745 1139 2795 Dei
1156 2744 1285 2807 genitricis
1302 2744 1360 2793 Ma-

412 2815 441 2864 oi
461 2817 531 2878 King
554 2817 665 2878 Eadgar.
682 2815 783 2880 (uhom.
802 2817 874 2864 Rud-
898 2814 943 2862 riae
966 2815 992 2862 in
1011 2815 1194 2876 Glestingebiri
1216 2814 1361 2875 frequenter

412 2885 499 2948 borne,
521 2886 637 2935 Historia
658 2886 744 2946 Major
762 2885 873 2935 Winton.
898 2883 1043 2949 adveniens,
1054 2888 1080 2933 et
1090 2885 1198 2933 eundem
1208 2885 1292 2932 locum
1307 2885 1359 2933 cla·

412 2954 490 3016 Angl.
502 2956 572 3012 Sacr.
584 2969 643 3016 pars
656 2967 674 3003 1.
686 2970 713 3014 p.
725 2949 796 3015 218.)
897 2952 958 3001 riori
979 2968 1032 3015 prae
1055 2955 1155 3002 caeteris
1174 2953 1297 3016 dignitate
1315 2969 1358 3002 ex·

448 3021 538 3071 'Doto
556 3024 605 3073 sibi
623 3023 739 3086 optima]
763 3022 873 3073 Glossed
897 3022 984 3072 tollere
1000 3037 1097 3072 summo
1114 3024 1245 3072 elaborans
1265 3023 1359 3085 studio,

412 3091 721 3155 inL.‘aregescilicet.’
896 3091 972 3151 plura
1003 3093 1189 3154 admodumque
1224 3093 1358 3153 magnifica

447 3159 459 3190 ⁸
470 3155 619 3228 Ebutiana]
630 3160 664 3210 A.
673 3161 705 3210 L.
712 3163 774 3209 omit
784 3161 820 3209 all
830 3161 872 3210 the
896 3161 1030 3224 privilegia
1042 3163 1156 3225 contulit,
1167 3162 1292 3211 communi
1304 3163 1358 3222 epi·

411 3233 466 3277 text
483 3230 546 3278 from
565 3231 721 3280 ‘evanuere'
739 3236 765 3278 to
784 3227 797 3295 ξ
816 3234 873 3292 152,
897 3243 1038 3294 scoparum,
1059 3232 1189 3294 abbatum,
1209 3233 1358 3293 primorum-

410 3299 497 3357 }Tunc
520 3300 583 3349 ordo
607 3301 761 3349 monasticus
770 3301 787 3360 3’
808 3302 829 3350 C
847 3305 871 3350 1.
896 3314 946 3359 que
968 3301 1104 3362 provincia
1127 3301 1240 3350 consilio.
1285 3301 1356 3352 Quo·

410 3370 484 3418 omits
501 3369 536 3417 all
554 3374 580 3419 to
597 3369 680 3433 §loa
690 3371 807 3420 ‘Interea
822 3385 871 3419 non
895 3383 952 3417 rum
963 3371 1079 3431 primum
1097 3375 1182 3420 estut
1200 3370 1286 3418 nullus
1306 3373 1356 3420 nisi

409 3437 547 3488 indecens!
895 3439 1009 3501 ejusdem
1031 3440 1080 3488 loci
1102 3440 1240 3489 monachus
1261 3440 1355 3490 ibidem

445 3506 456 3536 ⁴
469 3509 625 3568 Quosuctum
634 3513 672 3557 est
684 3543 690 3558 .
703 3542 710 3557 .
724 3543 730 3558 .
743 3508 870 3572 inserere]
894 3507 1016 3570 fungatur
1027 3509 1126 3558 abbatis
1143 3511 1242 3558 nomine
1253 3510 1292 3558 vel
1304 3511 1356 3560 offi-

410 3576 440 3626 S.
454 3580 475 3626 C
483 3582 507 3628 ἢ.
520 3579 555 3628 D.
567 3580 600 3628 E.
613 3579 644 3627 F.
657 3579 693 3626 K.
705 3578 744 3627 M.
894 3577 951 3638 oio;
968 3592 1014 3627 nec
1026 3579 1092 3628 alius
1105 3579 1155 3627 nisi
1173 3593 1247 3640 quem
1264 3593 1356 3630 secun·

444 3644 494 3696 “In
505 3647 599 3697 maniae
610 3645 731 3706 Domini]
752 3648 800 3695 See
819 3647 869 3696 this
895 3646 955 3694 dum
966 3653 1076 3696 tenorem
1087 3648 1183 3710 regulae
1198 3651 1355 3698 concorditer

408 3715 508 3765 charter
542 3716 571 3766 of
603 3717 673 3778 King
704 3716 808 3778 Eadgar
843 3717 869 3764 in
894 3717 999 3777 elegerit
1008 3717 1098 3778 parilis
1114 3722 1251 3766 conventus
1269 3733 1356 3769 assen-

409 3784 544 3835 Malmesb.
564 3785 605 3834 De
616 3786 776 3845 Antiquitate
793 3784 870 3834 Glas·
894 3786 940 3834 sio.
978 3787 1055 3838 Quod
1077 3787 1099 3835 si
1116 3788 1221 3835 alterius
1239 3788 1289 3836 loci
1311 3789 1356 3837 ab·

407 3858 459 3903 ton.
479 3855 612 3904 Ecclesiae.
635 3854 724 3920 (Gale,
741 3866 781 3903 111.
799 3852 869 3919 320.)
893 3855 977 3903 batem
988 3856 1029 3904 vel
1040 3856 1188 3905 monachum
1204 3856 1286 3904 eidem
1297 3858 1354 3907 loco

407 3923 461 3972 The
480 3924 539 3972 date
555 3938 585 3972 as
607 3925 628 3990 it
646 3924 716 3972 there
738 3937 827 3972 occurs
846 3925 868 3972 is
894 3925 990 3983 praefici
1008 3926 1146 3974 necessitas
1161 3926 1294 3988 ingruerit,
1304 3943 1355 3975 non

407 3993 477 4043 ab.
489 3997 547 4055 971,
557 3993 644 4043 indict.
657 4006 710 4043 x1v.
893 3993 971 4042 alium
989 3995 1084 4044 assumi
1103 3996 1202 4044 censuit
1218 3996 1268 4044 nisi
1279 4011 1353 4057 quem

442 4063 556 4113 Sections
574 4067 631 4127 150,
644 4067 688 4113 151
702 4077 780 4112 occur
794 4063 821 4110 in
833 4063 868 4112 D.
893 4065 1055 4126 congregatio
1066 4065 1148 4126 ipsius
1159 4067 1304 4114 monasterii
1316 4081 1355 4115 se·

407 4132 441 4180 E.
462 4133 494 4181 F.
514 4134 569 4193 M.;
593 4133 697 4183 omitted
715 4134 742 4180 in
761 4133 789 4182 S.
811 4134 868 4183 02.
893 4133 1004 4182 cundum
1021 4135 1134 4182 timorem
1151 4134 1203 4182 Dei
1218 4135 1268 4183 sibi
1285 4150 1353 4197 prae·

407 4201 442 4248 K.
450 4201 536 4250 which
543 4203 604 4252 read
613 4202 867 4264 instead,‘Glori0sae
892 4216 949 4252 esse
964 4203 1084 4265 elegerit:
1102 4208 1186 4251 tamen
1200 4219 1231 4252 ne
1242 4204 1289 4253 hoc
1300 4206 1354 4266 liat,

404 4271 1024 4338 oemrdsuonisssdgarus,Anglorum,observato
1043 4272 1192 4322 omnimodis
1215 4274 1237 4322 si
1259 4275 1353 4324 ibidem
