3180 5048
205 485 348 566 ιιΒ.ιι.]
430 502 543 552 unsre
569 504 695 554 nneuu
720 507 932 556 uuunonuu.
1091 495 1153 560 ι241

205 666 291 736 tum,
329 661 426 725 velut
461 660 686 728 fundamenta
725 665 905 744 montium,
942 666 1156 733 inconvulsis

203 757 426 840 ligaminibus
456 761 528 826 fixa
559 765 641 842 sint,
679 771 796 829 tamen
828 766 1030 850 plerumque
1067 775 1154 832 tem·

203 861 397 941 pestatibus
413 868 448 925 et
463 863 658 926 turbinibus
680 865 887 929 secularium
903 887 1016 930 rerum
1032 867 1154 949 religio

201 1078 338 1140 quispiam,
352 1079 394 1128 vel
416 1083 545 1129 extremus
561 1094 665 1142 congre·
690 1078 807 1128 Eundem
827 1093 928 1140 quoque
944 1079 1036 1129 lituum
1049 1095 1109 1130 mox
1125 1081 1152 1131 in

202 1149 320 1209 gationis,
332 1148 370 1197 illi
381 1149 463 1198 officio
473 1153 549 1211 aptus
560 1150 665 1210 reperiri
689 1149 731 1196 sui
742 1149 878 1210 praesentia
888 1149 949 1198 fecit
956 1150 1037 1198 secari
1048 1165 1094 1210 per
1099 1165 1151 1199 me·

201 1220 320 1277 potuerit.
355 1218 489 1267 Monaehis
500 1221 588 1280 itaque
599 1219 665 1267 eleo·
688 1217 768 1280 dium,
779 1233 811 1268 ne
829 1233 887 1266 eum
906 1219 1025 1280 cuiquam
1036 1219 1097 1272 dare
1108 1221 1149 1269 vel

201 1287 293 1338 tionem
311 1289 352 1337 sui
367 1289 467 1340 abbatis
478 1293 601 1350 perpetuo
612 1303 665 1338 ma·
686 1288 795 1337 vendere
811 1291 897 1349 posset
907 1289 1014 1350 quilibet
1028 1290 1149 1339 abbatum

201 1371 261 1406 nere
279 1358 393 1418 censuit;
410 1359 539 1420 sibivero,
558 1358 663 1419 suisque
686 1359 856 1420 sequentium,
877 1359 1030 1420 praecipiens
1051 1364 1148 1420 partem

202 1425 356 1488 heredibus,
362 1428 489 1477 tribuendi
500 1428 572 1477 fratri
582 1427 663 1476 eleeto
685 1426 757 1477 illius
767 1428 862 1476 servari
870 1429 896 1476 in
907 1428 963 1478 loca
972 1429 1005 1477 ad
1008 1430 1063 1490 jam
1071 1429 1147 1480 dictae

201 1499 353 1556 pastoralem
371 1498 491 1547 baculum
513 1501 663 1558 potestatem
686 1495 828 1546 donationis
843 1512 953 1558 perenne
968 1499 1146 1550 testimonium.

201 1566 313 1617 retinuit.
349 1567 440 1616 Sanxit
456 1568 542 1628 atiani,
561 1571 591 1616 ut
601 1581 662 1628 quo·
686 1566 839 1628 Reoogitans
850 1581 996 1628 veroquam
1014 1569 1095 1617 multa
1110 1574 1147 1619 te·

200 1636 266 1686 tiens
277 1637 467 1686 abbasloeivel
484 1636 600 1686 monachi
615 1637 663 1685 ali·
685 1636 788 1685 meritas
809 1635 927 1686 humanas
949 1637 1068 1702 levitatis,
1090 1640 1145 1699 qui-

200 1719 265 1765 quos
275 1721 379 1756 suorum
390 1707 469 1756 sacris
480 1707 612 1756 ordinibus
624 1708 661 1755 in·
684 1704 783 1767 busque
791 1707 855 1754 solet
860 1721 1145 1770 surrepere,verensque

198 1775 288 1838 signiri
296 1777 494 1837 decernerent‚a
509 1791 661 1838 quocunque
684 1788 715 1822 ne
738 1775 801 1824 forte
822 1777 879 1836 quis
901 1775 927 1824 in
955 1781 1083 1838 posterum
1104 1778 1145 1827 vel

199 1847 338 1906 praesulum
361 1847 481 1895 canonice
508 1846 661 1908 ordinatum,
683 1843 739 1892 hac
757 1845 892 1908 privilegia
907 1846 963 1895 loco
978 1847 1017 1895 illi
1036 1847 1146 1909 auferre,

198 1921 244 1964 aut
262 1916 289 1965 iu
304 1916 375 1964 illius
391 1917 452 1966 sede
469 1916 557 1964 autin
571 1915 659 1966 eodem
683 1913 724 1962 vel
734 1914 869 1965 monachos
886 1916 945 1964 inde
959 1917 1089 1965 moliretur
1099 1919 1145 1980 eji-

198 1990 294 2034 sanctae
313 1986 404 2034 Mariae
416 1985 590 2047 Glestingensi
607 2001 659 2035 mo·
683 1998 750 2046 cere,
785 1985 873 2034 inclito
905 1985 1006 2036 domino
1032 1986 1144 2036 Johanni

196 2055 514 2105 uastariotammonaehos
521 2068 597 2115 quam
608 2056 658 2105 cle·
681 2067 766 2116 papea,
796 2056 840 2115 qui
862 2055 1004 2106 Octaviano
1027 2055 1054 2102 in
1075 2058 1143 2118 regi·

197 2139 248 2187 ros,
264 2139 328 2187 quos
346 2125 449 2174 idoneos
462 2124 609 2187 judicarent
624 2125 658 2176 ad
681 2123 757 2173 minis
767 2124 859 2174 honore
871 2130 1037 2186 successerat,
1049 2125 1143 2176 direxit

197 2194 298 2246 titulum
317 2200 412 2244 sanctae
428 2194 520 2242 Mariae
536 2195 658 2258 ordinari,
679 2191 748 2244 idem
758 2194 952 2257 chirographum
962 2195 1041 2257 regiae
1051 2195 1144 2246 libera·

198 2263 318 2314 lacerent.
354 2264 487 2314 Gonoessit
496 2264 572 2312 etiarn
584 2269 613 2313 ut
623 2265 657 2314 si-
679 2262 769 2326 litatis,
779 2279 853 2314 orans
871 2269 943 2314 utet
959 2264 1015 2313 hoec
1033 2266 1089 2326 ipse
1102 2281 1143 2316 ro-

197 2337 241 2382 aut
251 2336 306 2397 ipse
321 2335 348 2382 in
363 2334 475 2395 propria,
484 2334 522 2382 ita
531 2334 609 2384 totius
619 2335 657 2383 in-
680 2332 780 2382 boraret
796 2335 890 2396 scripto
907 2335 1064 2383 auctoritatis
1080 2350 1142 2396 apo-

198 2405 262 2453 sulae
274 2419 367 2454 causas
377 2404 403 2452 in
414 2404 530 2453 omnibus
545 2408 597 2456 tam
613 2418 656 2453 ec·
679 2403 785 2452 stolioae.
822 2404 885 2465 Qui,
900 2404 1007 2465 benigne
1018 2404 1141 2456 directam

196 2473 346 2524 clesiasticis
356 2488 432 2534 quam
444 2473 602 2522 secularibus
613 2488 657 2522 nc·
679 2472 821 2533 suscipiens
841 2474 1002 2534 legationem,
1023 2475 1140 2526 concordi

197 2544 281 2605 gotiis,
298 2545 395 2605 absque
415 2543 495 2592 ullius
516 2543 657 2592 contradic·
678 2554 785 2590 assensu
802 2543 909 2592 Romani
927 2544 1028 2592 concilii
1043 2545 1141 2594 sancita

196 2613 262 2662 tione
273 2615 353 2664 abbas
365 2617 411 2662 aut
425 2617 563 2662 conventus
581 2613 657 2661 corri-
679 2611 712 2659 ab
728 2611 761 2660 iis
778 2612 885 2661 firmavit
896 2613 1029 2663 scribendo
1039 2619 1140 2674 aposto·

196 2687 274 2743 geret.
310 2683 366 2733 Nec
382 2682 421 2731 illi
436 2682 536 2731 omnino
546 2682 655 2731 insulam
677 2680 736 2728 licae
753 2683 910 2731 auctoritatis
927 2684 1149 2744 praeceptionemg'

193 2753 333 2803 nativitatis
360 2767 415 2802 suae
442 2753 584 2813 consciam,
602 2752 655 2802 sive
679 2751 824 2800 terribiliter
844 2752 990 2812 intorquens
1012 2753 1039 2799 in
1059 2753 1140 2802 viola-

194 2823 338 2885 episoopus,
359 2823 413 2871 sive
434 2822 499 2883 dux,
521 2826 567 2872 aut
587 2823 657 2882 priu-
677 2824 754 2883 tores,
777 2822 800 2869 si
829 2822 874 2881 qui
896 2821 959 2870 forte
984 2823 1139 2884 emerserint,

195 2907 265 2954 ceps,
291 2897 336 2942 aut
357 2892 533 2956 cuiuscunque
560 2889 656 2941 ordinis
679 2892 796 2950 perpetui
817 2889 985 2942 anathematis
1006 2891 1138 2944 ultionem.

167 2988 169 2992 .
194 2961 271 3023 alius,
280 2963 378 3012 licitum
388 2962 454 3011 soret
462 2961 565 3022 intrare,
576 2975 655 3012 causa
678 2959 762 3021 Igitur
775 2961 869 3010 domini
881 2961 997 3021 praedicti
1005 2962 1138 3022 apostolici

193 3033 326 3094 quippiam
342 3029 452 3080 faciendi
469 3029 539 3091 quod
557 3034 655 3080 contra·
677 3028 1137 3081 aidemlocodirectumtestamentum

194 3102 259 3150 rium
270 3101 401 3150 inibiDeo
412 3100 579 3149 servientibus
598 3114 654 3150 esse
677 3104 791 3149 venustae
813 3100 993 3150 recordatiouis
1014 3115 1060 3150 rex
1083 3101 1138 3150 Ed·

192 3171 282 3232 possit,
292 3171 359 3220 sicut
368 3175 395 3218 et
405 3169 604 3231 praedecessores
613 3173 653 3219 sui
678 3182 755 3234 garus
783 3184 868 3231 super·
886 3185 956 3219 aram
983 3171 1137 3220 beatissimas

192 3245 338 3303 sanxerunt,
359 3244 385 3290 et
405 3239 547 3301 privilegiis
564 3240 650 3289 confir:
677 3237 727 3286 Dei
748 3240 876 3300 genitricis
892 3240 984 3291 Mariae
1000 3240 1087 3289 itidem
1104 3242 1137 3292 ad

192 3315 342 3369 maverunt;
368 3309 488 3358 videlicet
508 3309 652 3371 Cenwines,
676 3308 823 3367 perpetuale
834 3309 920 3369 posuit
934 3314 1137 3361 monumentum:

191 3377 260 3440 lues,
295 3378 466 3440 Athellardus,
497 3378 651 3441 Cuthredus,
671 3377 766 3437 jubens
795 3378 930 3439 diligenter
959 3379 1084 3426 asservari
1110 3380 1137 3428 in

193 3448 321 3509 Elfredus‚
344 3449 498 3510 Edwardus,
525 3447 651 3496 Ethelsta-
676 3449 803 3506 posterum
814 3446 969 3495 adnotitiam
981 3461 1137 3508 quorumque

192 3532 250 3580 nus,
261 3519 438 3580 Aedmuudus,
455 3518 555 3567 omniuo
566 3517 650 3577 probi·
676 3517 844 3576 sequentium.
881 3516 921 3564 Ea
931 3517 1007 3565 etiam
1020 3520 1138 3580 utraque,

191 3589 255 3637 buit.
282 3587 333 3637 Ubi
342 3603 403 3650 ergo
413 3587 525 3650 generali
535 3601 651 3646 assensu,
676 3599 707 3634 ne
730 3585 861 3634 videamur
881 3585 945 3634 talia
966 3588 1137 3647 commentari,

191 3661 221 3705 ut
230 3659 327 3707 dictum
344 3661 392 3719 est,
401 3657 556 3718 pontificum,
574 3657 650 3707 abbe·
675 3655 715 3703 his
733 3659 831 3717 gratum
849 3655 986 3706 babuimus
1002 3656 1137 3706 subindere

191 3731 253 3792 tum,
263 3729 462 3789 optimatumque
472 3740 584 3786 suorum,
595 3725 651 3774 haec
675 3723 798 3773 adversus
809 3739 853 3774 eos
864 3725 908 3785 qui
923 3739 972 3774 non
983 3730 1012 3774 ut
1022 3730 1138 3786 pastores

189 3797 324 3858 privilegia
337 3798 393 3859 ipso
409 3798 465 3846 loco
477 3795 588 3844 conferre
599 3795 651 3844 dis·
676 3808 722 3855 per
732 3795 825 3844 ostium
844 3795 947 3856 intrare,
958 3795 1003 3844 sed
1021 3799 1050 3843 ut
1066 3794 1137 3844 fures

190 3867 286 3928 posuit,
306 3867 398 3916 lituum
425 3865 554 3928 proprium
576 3865 650 3913 ebore
675 3868 701 3911 et
716 3864 825 3914 latrones
842 3865 868 3913 in
885 3864 953 3916 idem
964 3865 1029 3914 ovile
1041 3869 1137 3916 sanctes

189 3936 366 3986 decentissime
383 3936 527 3996 formatum,
537 3949 650 3995 auroque
676 3933 768 3984 Maria
788 3935 891 3986 aliunde
910 3938 1029 3996 quaerunt
1046 3936 1137 3986 inum,

189 4005 345 4064 decoratum,
364 4019 441 4067 super
457 4005 537 4056 altare
555 4009 650 4053 sanctas
674 4017 743 4062 pere.

190 4075 242 4123 Dei
257 4075 386 4137 genitricis
401 4076 500 4137 posuit;
517 4075 649 4135 ipsiusque
710 4073 718 4101 ‘
733 4073 868 4121 “Noverit
883 4076 1030 4121 cunctorum
1046 4072 1137 4122 notitia

189 4145 323 4196 donatione
334 4145 417 4193 eidem
433 4149 527 4193 sanctae
540 4144 591 4192 Dei
607 4158 650 4205 ge·
675 4141 787 4190 fidelium
803 4143 873 4202 quod
888 4156 936 4203 ego
947 4142 1086 4203 Johannes,
1098 4143 1137 4202 pii

188 4215 272 4266 uitrici
290 4229 319 4264 ac
338 4215 392 4264 suis
408 4213 536 4264 monachis
553 4228 584 4262 ea
593 4227 650 4272 per·
676 4209 821 4261 Conditoris
836 4211 969 4260 clementie
980 4215 1075 4260 sanctae
1086 4212 1137 4260 Ro·

188 4285 324 4345 petualiter
351 4283 505 4346 possidenda
527 4283 649 4332 attribuit.
675 4294 756 4330 mauae
785 4281 854 4332 sedis
881 4281 992 4346 existens
1017 4281 1137 4341 indignus

963 4371 987 4418 R
