3190 5060
432 498 500 563 164
659 509 772 557 cesus
796 508 923 557 escun
947 509 1162 557 nucnonun.
1247 495 1333 576 [nm.
1351 512 1389 560 11.

274 695 379 737 caeru.
437 694 513 740 sum
537 672 573 737 in
601 673 670 737 isto
692 670 858 736 ferventis
883 668 966 732 dolii
988 667 1125 743 balneo,
1152 674 1188 730 ct
1204 667 1314 732 altero
1337 668 1392 733 die

436 780 650 839 transmutor
665 773 702 837 in
716 772 786 834 isto
808 767 1014 833 suavissimo
1029 768 1139 831 altero
1161 786 1263 849 aquae
1276 768 1369 832 dolio
1382 789 1391 847 ;

437 883 474 939 et
487 874 552 937 hoc
568 872 608 937 fit
622 872 781 955 precibus
795 868 908 933 sancti
921 866 1018 932 Petri
1033 874 1068 930 et
1081 867 1193 930 sancti
1208 860 1217 897 ¹
1229 867 1392 949 Remigii,

438 973 538 1058 cujus
552 971 755 1054 patrociniis
777 969 944 1034 hactenus
966 986 1075 1049 genus
1098 973 1254 1031 nostrum
1277 969 1393 1049 regale

439 1072 610 1154 regnavit.
649 1070 730 1147 Sed,
746 1069 777 1132 si
792 1068 876 1132 mihi
891 1065 1092 1132 subveneris
1107 1066 1189 1142 cito,
1209 1074 1259 1142 tu,
1276 1074 1311 1130 et
1327 1069 1393 1132 mei

441 1172 560 1236 fideles
586 1170 739 1255 episcopi
754 1175 790 1232 et
802 1169 958 1244 abbates,
972 1173 1008 1230 et
1021 1166 1132 1230 omnis
1148 1165 1232 1229 ordo
1255 1167 1394 1231 ecclesi*

442 1272 584 1348 asticos,
602 1270 731 1346 missis,
745 1261 1009 1342 ²oblationibuS,
1025 1265 1239 1348 psalmodiis,
1253 1264 1394 1348 vigiliis

274 748 351 788 vision.

443 1371 671 1447 eleemosinis,
684 1368 850 1434 velociter
871 1366 1037 1430 liberatus
1059 1384 1118 1428 ero
1140 1364 1183 1439 dc
1204 1365 1272 1428 isto
1294 1385 1395 1449 aquae

442 1471 619 1534 bullientis
642 1469 755 1548 dolio;
783 1486 863 1536 nam
886 1465 994 1528 frater
1016 1482 1113 1528 meus
1136 1463 1334 1543 Lotharius,
1360 1474 1397 1531 et

444 1570 520 1654 ejus
541 1570 633 1632 filius
647 1567 865 1642 Lodowicus,
881 1565 994 1630 sancti
1008 1563 1105 1628 Petri
1124 1564 1304 1647 sanctique
1324 1565 1396 1633 Re-

444 1669 542 1750 migii
555 1669 714 1751 precibus
728 1664 882 1747 exempti
896 1670 978 1728 sunt
994 1663 1037 1727 de
1049 1663 1126 1726 istis
1140 1663 1266 1745 poeniS,
1279 1665 1395 1748 etjam

445 1769 540 1833 ducti
562 1774 644 1831 sunt
670 1768 707 1830 in
729 1766 893 1849 gaudium
914 1763 1067 1846 paradisi
1082 1761 1184 1827 Dei.''
1226 1763 1396 1846 Dixitque

446 1868 489 1931 ad
499 1887 566 1943 me,
577 1867 760 1949 “Respice
771 1865 1003 1929 sinistrorsum
1018 1863 1051 1926 :''
1065 1881 1212 1944 cumque
1224 1865 1396 1945 respexis-

446 1987 531 2043 scm,
542 1966 613 2030 vidi
623 1967 671 2030 ibi
680 1966 748 2029 duo
758 1964 851 2028 dolia
859 1963 1027 2026 altissima
1037 1961 1228 2025 bullientia.
1252 1962 1397 2041 “Ista”

446 2067 570 2149 inquit,
584 2071 607 2100 “
619 2072 701 2129 sunt
714 2065 777 2129 tibi
791 2070 1000 2146 praeparatu,
1014 2061 1081 2125 nisi
1095 2068 1130 2124 te
1149 2062 1397 2139 emendaveris,

447 2172 483 2230 et
498 2165 737 2248 poenitentiam
754 2163 866 2244 egeris
890 2162 932 2226 de
954 2161 1024 2225 tuis
1046 2161 1203 2224 nefandis
1218 2161 1352 2226 delictis
1366 2163 1398 2242 ;'’

448 2265 607 2347 coepique
621 2275 704 2328 tunc
720 2263 872 2346 graviter
886 2261 1036 2326 horrere.
1070 2260 1226 2343 Cumque
1243 2272 1398 2327 cerneret

342 2411 352 2424 .
447 2359 576 2428 ³comes
590 2383 686 2427 meus
701 2364 737 2427 in
751 2369 849 2427 tanto
864 2381 994 2444 pavore
1009 2379 1085 2424 esse
1101 2360 1258 2443 spiritum
1272 2382 1397 2439 meum,

448 2464 538 2528 dixit
561 2464 606 2528 ad
628 2484 694 2541 me,
712 2462 896 2544 “Sequere
917 2481 972 2524 me
991 2460 1035 2525 ad
1061 2460 1220 2525 dextram
1243 2461 1398 2526 luculen-

445 2563 590 2628 tissimae
611 2563 712 2628 vallis
740 2561 928 2644 paradisi:”
978 2560 1037 2637 Et,
1061 2579 1139 2624 cum
1165 2560 1397 2642 graderemur,

447 2664 700 2746 contemplatus
727 2681 804 2726 sum
825 2660 957 2744 ingenti
984 2660 1144 2724 claritate
1171 2679 1249 2723 cum
1271 2662 1399 2742 glorio-

447 2762 496 2826 sis
518 2764 657 2845 regibus
678 2762 797 2826 sedere
820 2760 1023 2824 Lotharium
1048 2759 1258 2823 avunculmn
1286 2778 1400 2825 meum

447 2882 552 2944 super
565 2862 714 2945 lapidem
728 2861 904 2942 topazium
917 2859 1013 2922 mirce
1027 2859 1288 2939 magnitudinis,
1301 2880 1400 2925 coro÷

448 2969 567 3024 natum
591 2961 785 3024 diademate
809 2959 974 3041 pretioso,
1001 2965 1037 3021 et
1060 2957 1168 3041 juxta
1189 2978 1267 3022 eum
1290 2959 1398 3024 filium

449 3061 524 3143 ejus
536 3050 1166 3124 Lodowicumsimihter⁴cor0natum
1189 3058 1398 3136 Vidensmc,

387 3227 391 3234 ,
448 3158 604 3222 cominus
617 3153 829 3234 ⁶accersivit,
844 3157 971 3221 blanda
980 3175 1066 3221 voce
1076 3156 1206 3234 dicens,
1220 3162 1242 3192 “
1255 3157 1398 3234 Karole,

448 3277 627 3322 successor
650 3276 747 3321 meus
772 3277 863 3320 nunc
886 3249 1026 3321 ⁶tertius
1049 3255 1085 3320 in
1106 3257 1249 3339 imperio
1269 3257 1398 3322 Roma-

486 3529 493 3558 ¹
512 3529 647 3602 Remigii]
678 3535 716 3584 St.
735 3534 818 3595 Remi,
841 3534 913 3583 arch-
973 3532 983 3564 ⁴
996 3535 1163 3598 Cornutum]
1176 3533 1209 3584 A.
1223 3533 1252 3582 S.
1267 3536 1298 3583 C.
1310 3535 1342 3584 E.
1352 3534 1400 3606 Li

448 3602 539 3664 bishop
551 3604 580 3653 of
588 3605 702 3665 Rheims,
718 3604 761 3652 the
773 3605 871 3664 apostle
887 3603 917 3652 of
938 3619 1029 3653 corona
1040 3608 1194 3665 coronatum,
1206 3604 1241 3652 D.
1253 3603 1292 3653 M.

450 3671 556 3733 France,
565 3673 624 3722 who
638 3675 661 3722 is
672 3675 800 3734 supposed
811 3678 837 3721 to
848 3673 913 3722 hare
972 3669 1154 3741 ‘Aeser-sicit]
1167 3674 1200 3724 A.
1210 3674 1245 3723 D.
1258 3675 1290 3723 E.
1298 3674 1329 3723 L.
1340 3692 1347 3736 ;
1359 3690 1401 3724 ac·

447 3741 567 3802 ,baptized
575 3743 670 3793 Glovis.
697 3743 751 3790 The
760 3757 913 3792 commence·
938 3744 1040 3792 cersivit
1050 3758 1099 3806 me,
1111 3743 1140 3794 S.
1153 3745 1183 3794 0.

449 3816 518 3859 ment
536 3811 565 3860 of
583 3811 623 3860 his
641 3812 787 3872 episcopato
807 3813 829 3860 is
847 3825 913 3860 com·
973 3809 985 3840 ⁶
1001 3813 1120 3877 Tertium]
1143 3813 1197 3862 The
1216 3827 1330 3873 emperor
1352 3814 1401 3861 Lo-
1467 3853 1477 3874 ,

449 3879 533 3940 monly
545 3880 655 3929 referred
674 3885 700 3928 to
718 3880 761 3930 the
777 3895 839 3940 year
855 3885 913 3944 467,
937 3881 1018 3931 thaire
1029 3897 1084 3931 was
1096 3882 1237 3932 succeeded
1256 3884 1291 3944 by
1302 3883 1342 3930 his
1354 3897 1399 3931 son

449 3949 500 3997 und
511 3949 551 3998 his
560 3949 636 3999 death
644 3950 747 4000 toA.D.
756 3955 813 3999 530.
831 3949 913 4016 (Bou-
938 3952 1016 4000 Louis
1027 3953 1066 4014 Il,
1076 3952 1194 4001 followed
1205 3953 1239 4012 by
1252 3951 1359 4001 Gharles
1374 3953 1399 4000 le

449 4023 519 4080 quet,
531 4032 567 4068 rv.
580 4024 621 4080 51,
632 4034 657 4069 n.
669 4016 702 4083 ⁸.)
938 4021 1052 4083 Chauvc,
1058 4023 1142 4071 whom
1154 4023 1247 4071 hirson
1255 4022 1335 4071 Iouis
1346 4022 1401 4080 III,

484 4086 698 4153 ²Ohlrrtt'ouibus]
724 4092 753 4140 0.
766 4091 801 4140 D.
815 4091 847 4140 Ε.
863 4091 912 4150 L.;
937 4091 1020 4139 called
1048 4092 1084 4141 Le
1113 4091 1213 4153 Regno,
1241 4091 1400 4152 succeeded3

448 4159 658 4220 orationibusd.
671 4159 701 4209 S.
937 4159 1044 4210 Oharles
1063 4162 1087 4210 le
1110 4161 1178 4211 Gros
1199 4175 1254 4210 was
1276 4160 1401 4210 therefore

483 4224 691 4297 ³Comee.]d.0.
700 4230 735 4279 D.
744 4230 832 4289 E.L.;
849 4229 912 4277 duc-
936 4229 1019 4278 fourth
1042 4233 1068 4280 in
1091 4232 1236 4281 succession
1264 4231 1327 4280 from
1353 4231 1401 4280 Lo-

446 4299 495 4359 tor,
507 4297 535 4347 S.
918 4299 1025 4349 thuim.
