3150 5046
412 480 481 546 3⁷6
630 495 745 542 ossus
771 492 899 540 aucun
925 491 1137 540 lucrosus.
1223 476 1365 556 [mum

253 669 360 714 m
415 669 582 714 manuum
599 653 693 733 regis
714 645 854 716 ¹oculos
874 658 1096 733 tangeretur:
1119 650 1156 713 id
1178 650 1223 713 ad
1248 670 1287 714 se
1305 650 1365 714 de-

416 751 527 814 latum
544 770 614 815 non
630 752 753 833 paucis
777 751 914 814 nunciis
935 751 995 814 ille
1019 752 1157 834 riserat,
1177 749 1365 814 referentes

418 857 545 932 rugato
562 859 706 933 aspectu
722 851 960 932 inspectatus3
986 857 1205 933 peccatorem
1222 869 1261 912 se
1277 869 1365 926 esse,

419 968 527 1031 opera
557 957 758 1014 sanctorum
786 950 941 1014 uirorum
967 949 1034 1013 sibi
1066 968 1137 1012 non
1169 949 1365 1013 convenire.
1413 941 1416 950 ’

419 1047 555 1111 Verum
576 1049 725 1112 ministri
758 1068 830 1112 non
855 1047 1102 1130 negligendum
1127 1048 1299 1124 arbitrati,
1321 1067 1364 1111 oo

419 1148 606 1224 nesciente,
622 1147 685 1210 sed
698 1149 736 1210 in
749 1139 913 1210 ²ecclesia
927 1154 1061 1224 orante,
1077 1141 1229 1210 ’somnio
1242 1146 1364 1210 credu-

419 1246 555 1310 litatem
571 1245 726 1310 faciunt:
756 1265 905 1327 namque
925 1246 1106 1310 confestim
1122 1239 1181 1310 ⁴ut
1197 1246 1291 1310 lotus
1310 1254 1365 1310 est

420 1363 525 1426 aqua,
552 1344 725 1410 diuturnis
748 1347 899 1409 tenebris
925 1345 1163 1420 exulantibus,
1194 1345 1258 1408 lux
1279 1353 1365 1408 tem-

420 1445 557 1526 pestiva
574 1446 676 1510 orbes
690 1445 860 1526 implevit,
873 1444 956 1508 laeto
969 1444 1109 1526 fragore
1125 1445 1365 1527 plaudentium

420 1544 603 1609 suscitato.
639 1544 739 1608 ·Rex
766 1562 908 1609 causam
934 1550 1181 1625 percunctatus
1203 1543 1364 1622 edidicit;

421 1661 574 1725 moxque
596 1643 803 1707 certitudine
827 1643 926 1706 visus
952 1641 1030 1725 ejus
1057 1650 1246 1725 comperta,
1272 1642 1364 1725 quod

420 1742 565 1819 scilicet,
582 1741 711 1824 digitos
733 1761 817 1806 suos
840 1743 877 1806 iu
905 1741 1024 1805 oculos
1046 1743 1366 1820 sanetiintentans,

420 1839 518 1904 illum
552 1840 696 1906 reducto
729 1843 844 1924 capite
876 1859 1000 1905 cavere
1032 1846 1200 1919 cerneret,
1233 1841 1366 1922 gratias

422 1938 499 2003 Deo
513 1941 682 2023 porrectis
701 1941 739 2004 in
763 1940 891 2005 coelum
916 1940 1076 2002 manibus
1098 1941 1182 2021 egit.
1234 1939 1364 2003 Eodem

420 2039 523 2103 modo
555 2041 697 2104 sanavit
729 2059 858 2104 caecum
889 2039 1062 2121 quendam
1095 2039 1275 2116 Lincoliae,
1306 2039 1367 2120 qui

421 2139 541 2201 multis
555 2139 656 2201 anuis
673 2139 882 2221 supervixit,
895 2139 1025 2220 regalis
1042 2137 1149 2200 index
1164 2137 1331 2201 miraculi.

428 2265 430 2270 ·
473 2236 584 2319 §224
608 2236 655 2301 Et
676 2244 717 2300 ut
741 2237 930 2319 perfectam
950 2237 1018 2300 viri
1041 2237 1218 2314 virtutem,
1243 2238 1279 2299 in
1301 2236 1367 2300 hac

421 2337 614 2416 praesertim
639 2337 808 2418 potentia,
837 2355 1042 2418 cognoscas,
1067 2337 1249 2420 subjiciam
1274 2336 1367 2419 quod

421 2435 567 2499 mireris
606 2435 818 2500 Wulfwinus
831 2435 984 2518 quidam,
1001 2443 1228 2517 cognomento
1245 2435 1370 2518 Spille-

422 2553 519 2612 corn,
536 2535 629 2598 filius
646 2535 820 2600 Wulmari
841 2535 884 2597 de
902 2534 1194 2616 Nutegareshale,
1217 2535 1368 2617 quadam

421 2633 477 2697 die
493 2634 531 2697 in
547 2635 648 2716 sylva
665 2635 806 2698 Bruelle
824 2634 920 2716 ligna
937 2633 1086 2712 cadone,
1099 2634 1188 2713 ‚dum
1204 2634 1369 2698 diuturno

421 2740 503 2816 post
540 2733 694 2797 laborem
726 2733 849 2815 sopori*
875 2732 1090 2810 indulsisset,
1125 2734 1295 2815 sangnine
1326 2741 1368 2798 ut

422 2832 524 2896 oredo
550 2833 644 2896 circa
670 2833 791 2897 oculos
818 2833 1017 2914 coagulato,
1039 2832 1155 2896 ,visum
1181 2832 1297 2896 decem
1331 2840 1369 2897 et

421 2939 554 3014 septem
588 2933 688 2995 anuis
721 2931 859 3010 amisit;
892 2933 1018 3013 quibus
1049 2931 1209 3008 evolutis,
1233 2933 1369 2996 somnio

422 3030 576 3107 edoctus,
594 3031 773 3110 octoginta
795 3037 831 3094 et
855 3036 991 3111 septem,
1013 3031 1176 3094 ecclesias
1199 3031 1369 3109 circuivit,

422 3128 611 3191 remedium
628 3129 796 3193 caecitatis
822 3148 843 3191 a
868 3130 998 3193 sanctis
1022 3129 1228 3210 efflagitans.
1281 3129 1370 3195 Pos-

423 3234 545 3304 tremo,
563 3226 607 3290 ad
632 3228 726 3309 regis
752 3229 883 3292 curiam
906 3229 1061 3307 veniens,
1078 3228 1288 3292 vestibulum
1311 3249 1370 3293 oa-

423 3345 539 3404 merae,
554 3326 820 3391 adversantibus
838 3327 1070 3404 cubiculariis,
1087 3327 1218 3392 frustra
1233 3328 1293 3391 diu
1306 3330 1371 3393 tri*

423 3426 492 3506 vit;
520 3426 581 3490 sed
601 3427 755 3508 perstitit
770 3427 949 3508 improbus
963 3426 1132 3508 pulsator,
1150 3427 1259 3490 donec
1276 3447 1371 3510 aegre

424 3524 609 3589 admodum
623 3519 721 3606 ⁵rege
737 3526 814 3607 ipso
824 3525 970 3608 jubente
984 3519 1174 3589 ⁶admissus
1191 3533 1256 3590 est.
1295 3524 1372 3591 Au-

423 3623 521 3688 diens
536 3625 666 3707 quippe
681 3625 853 3689 somnium
866 3625 1012 3688 innocue
1026 3625 1265 3707 responderet,
1280 3626 1372 3690 ‘Per

459 3903 882 3971 ¹00etatangeretur.]c.1⁴2.1..;
944 3903 956 3936 ⁴
978 3906 1013 3954 Ut
1035 3907 1099 3954 lotae
1120 3909 1158 3956 est
1179 3906 1263 3970 epm]
1289 3907 1318 3957 S.
1339 3909 1372 3958 Ε.

422 3979 509 4027 oculos
520 3980 644 4038 tangeret,
653 3975 687 4026 A.
700 3977 729 4028 S.
741 3977 777 4026 D.
911 3977 941 4027 C.
953 3976 984 4026 L.
995 3991 1003 4037 ;
1019 3980 1049 4024 ut
1060 3989 1135 4026 secus
1145 3975 1214 4024 lotus
1224 3981 1272 4040 est,
1283 3975 1316 4028 A.
1329 3979 1366 4028 D.

456 4046 610 4109 wenna]
629 4047 659 4096 C.
671 4047 706 4097 D.
726 4048 759 4098 E.
775 4045 826 4105 1..;
842 4059 883 4094 ec·
943 4041 1116 4108 ‘Regetpos
1137 4043 1172 4094 A.
1184 4045 1214 4095 S.
1226 4047 1256 4096 C.
1268 4046 1303 4098 D.
1315 4048 1374 4097 Ei.

422 4115 501 4166 clesia
512 4117 572 4177 Dei,
584 4116 617 4165 A.
630 4115 660 4165 S.
907 4113 939 4164 L.
949 4131 956 4174 ς
973 4115 1062 4175 ‘ipso'
1073 4114 1178 4164 omitted
1190 4115 1217 4163 in
1228 4116 1253 4164 E
1262 4120 1286 4167 1.

457 4187 468 4218 ³
478 4185 599 4249 Somnia]
609 4184 643 4236 A.
656 4184 691 4234 D.
703 4184 737 4234 E.
749 4183 780 4235 L.
790 4199 798 4246 ;
810 4185 880 4234 omit·
941 4179 952 4211 ⁶
962 4183 1093 4236 Admittat
1103 4180 1372 4248 ea.].t.s.1>.13.1..;

421 4255 502 4305 tedin
514 4257 542 4307 S.
557 4255 587 4305 C.
905 4254 961 4316 ipse
972 4255 1161 4318 admissusest‚
1174 4255 1204 4306 G.
