3150 5046
209 469 283 540 nm.
301 473 357 562 11.]
434 489 547 538 essen
571 489 698 538 aucun
723 487 934 537 nuonoauu.
1100 471 1167 536 385
1229 523 1233 528 .

217 646 359 710 nestorii
381 647 436 712 die
454 647 684 713 Innocentum
699 646 850 712 dedicari
864 645 1040 728 praecepit.
1094 645 1164 722 Ita,
1178 671 1281 712 beatior

217 747 284 809 aevi
297 747 421 828 plenus
438 754 473 812 et
487 748 620 828 gloriae,
636 741 837 830 ¹simplicem
854 746 1013 828 spiritum
1030 744 1164 809 coelesti
1176 722 1313 814 diddddrfh

216 864 322 926 regno
345 846 525 927 exhibuit3
552 854 588 911 et
611 847 647 910 in
669 847 788 911 eadem
804 845 949 910 ecclesia
972 845 1027 908 die
1049 843 1164 908 Theo·

215 944 353 1025 phaniae
375 946 533 1028 sepultus
562 953 627 1023 est,
652 965 756 1028 quam
779 947 853 1028 ipse
876 945 937 1008 illo
962 944 1162 1026 compositi-

214 1043 290 1108 onis
313 1065 439 1126 genere
460 1046 591 1128 primus
609 1045 646 1109 in
662 1043 793 1126 Anglia
818 1044 1049 1108 aedificaverat
1070 1045 1162 1125 quod
1216 1098 1218 1102 ,

213 1162 305 1208 nunc
327 1164 415 1226 pene
437 1147 552 1209 cuncti
573 1145 783 1226 sumptuosis
804 1144 1013 1207 aemulantur
1030 1145 1161 1225 espen·
1215 1144 1217 1148 ’

213 1243 300 1308 sis„
340 1243 530 1326 Progenies
558 1243 869 1320 West-Saxonum,
899 1263 977 1326 quae
1014 1242 1051 1305 in
1081 1242 1161 1306 Bri.-

213 1341 333 1406 tannia
354 1361 376 1406 a
391 1343 547 1410 cerdicio
570 1343 768 1426 quingentis
791 1350 827 1406 et
848 1341 1070 1423 septuaginta
1090 1362 1161 1405 uno

212 1439 323 1517 annis,
339 1443 383 1505 ab
400 1442 554 1524 Egberto
569 1443 726 1508 ducentis
742 1449 777 1505 et
789 1441 975 1522 sexaginta
995 1442 1065 1504 uno
1082 1460 1161 1522 reg·

213 1547 370 1617 neverat,
395 1539 431 1603 in
454 1542 515 1605 illo
540 1541 584 1605 ad
610 1540 824 1622 regnandum
850 1540 988 1604 omnino
1014 1538 1158 1604 defecit:

177 1647 181 1652 “
212 1655 293 1701 narn
319 1639 449 1705 recenti
472 1640 584 1705 adhuc
609 1640 735 1721 regalis
750 1639 880 1702 funeris
902 1639 1010 1714 luctu,
1029 1638 1321 1710 Harol-nsearn.

211 1735 288 1816 dus,
305 1737 388 1820 ipso‘
405 1738 641 1822 Theophaniae
662 1738 730 1816 die,
745 1744 884 1803 extorta
900 1743 929 1800 a'
946 1738 1159 1821 principibus
1174 1712 1229 1750 Μ’

211 1834 290 1914 fide,
315 1838 461 1921 arripuit
484 1838 654 1914 diadema,
685 1838 843 1921 quamvis
869 1835 976 1917 Angli
999 1836 1117 1901 dicant
1139 1856 1161 1900 a
1250 1865 1252 1871 s

210 1953 292 2016 rege
306 1956 506 2006 concessum
519 1957 535 2018 3¹
555 1938 648 2021 quod
662 1944 778 2000 tamen
792 1936 904 2016 magis
921 1936 1160 2000 benevolentia

211 2029 469 2119 quam'judicio
497 2037 642 2118 allegari
673 2036 845 2111 existimo,
871 2043 911 2099 ut
936 2035 987 2098 illi
1013 2033 1159 2107 haeredi·

211 2139 318 2197 tatem
357 2135 615 2201 transfunderet
644 2155 742 2199 suam
780 2135 879 2218 cujus
916 2153 1052 2216 semper
1081 2153 1158 2198 sus·

209 2241 344 2312 pectam
374 2236 542 2300 habuerat
567 2235 779 2318 potentiam3
798 2235 986 2316 'quamvis
1019 2241 1058 2298 ut
1089 2254 1158 2297 non
1259 2271 1269 2284 κ

208 2332 339 2396 celetur
353 2335 494 2410 veritas,
520 2353 585 2415 pro
613 2353 763 2415 persona
784 2352 888 2415 quam
910 2333 1063 2413 gerebat,
1080 2352 1158 2414 reg-

209 2448 291 2492 num
313 2432 496 2513 prudentia
513 2439 547 2496 et
563 2432 764 2495 fortitudine
786 2432 994 2511 gubernaret
1018 2432 1047 2493 si
1070 2431 1156 2510 legi-

208 2527 292 2591 time
320 2531 540 2613 suscepisset.
597 2530 769 2612 Denique,
797 2529 936 2592 vivente
971 2528 1156 2606 Eduardo,

208 2644 423 2712 quaecunque
448 2636 569 2694 contra
592 2649 670 2692 eum
700 2628 792 2692 bella
820 2628 962 2690 incensa
983 2635 1065 2691 sunt
1086 2628 1156 2691 vir-

208 2731 283 2790 tute
313 2745 382 2796 sua⁴
406 2727 621 2810 compressit,
646 2729 788 2809 cupiens
818 2746 855 2790 se
886 2726 1156 2808 provincialibus

208 2832 396 2904 ostentare,
410 2827 447 2890 in
463 2847 608 2910 regnum
632 2827 763 2891 scilicet
784 2845 846 2907 spe
867 2825 1035 2906 prurienti
1053 2824 1155 2889 anhe-

207 2922 296 2990 lans.
330 2975 335 2983 t
348 2925 542 3004 Griffinum‚
561 2920 618 2990 ²ut
640 2944 745 3008 supra
766 2925 852 3000 dixi,
875 2944 992 3006 regem
1011 2923 1155 2988 Walen-

207 3023 309 3101 sium,
335 3033 370 3089 et
392 3027 487 3108 prius
511 3026 603 3089 bello
619 3025 714 3101 vicit,
737 3032 772 3089 et
795 3024 1014 3106 postmodum
1037 3024 1156 3087 multis

206 3122 338 3188 nisibus
353 3145 531 3208 resurgere
548 3131 731 3189 conantem
750 3123 864 3205 capite
879 3122 1050 3205 privavit3
1077 3142 1156 3193 suc-,

205 3242 359 3289 cessores
374 3226 460 3289 duos
477 3245 521 3288 ex
536 3224 744 3288 satellitibus
758 3224 841 3298 suis,
859 3223 984 3286 fratres
1003 3222 1156 3305 ejusdem

208 3319 355 3401 Griffini,
382 3325 531 3404 Blegent
553 3330 588 3385 et
611 3321 853 3396 Riwallonem,
870 3321 931 3400 qui
953 3339 1033 3382 eum
1055 3322 1155 3384 obse·

206 3581 271 3628 ney:
283 3567 325 3615 the
335 3580 400 3627 pope
412 3565 517 3626 granted
527 3567 557 3627 it,
568 3579 600 3613 on
611 3579 669 3614 con·
693 3561 722 3610 οἰ
729 3562 772 3610 the
783 3561 915 3611 threnodia
932 3576 964 3609 on
981 3559 1023 3608 the
1041 3559 1117 3610 death
1129 3561 1158 3610 ol

205 3636 285 3685 dition
297 3637 351 3685 that
358 3634 487 3684 Eadward
497 3634 598 3696 should,
605 3635 668 3683 with
693 3632 822 3682 Eadward
833 3631 875 3680 the
887 3630 1155 3691 Contensem-‘Here

206 3706 249 3755 the
264 3720 354 3767 money
364 3704 396 3754 he
407 3705 494 3754 would
511 3704 575 3752 have
595 3708 669 3765 spent
692 3701 821 3751 Eadward
837 3699 909 3760 king,
923 3699 953 3748 oi
971 3700 1068 3762 Angles
1089 3699 1154 3762 lord,

207 3775 234 3824 in
245 3764 413 3836 that'voyage,
423 3774 668 3834 buildamonastery
692 3776 747 3820 sent
759 3772 799 3820 his
811 3768 934 3819 steadfast
948 3769 1005 3817 soul
1021 3773 1047 3816 to
1058 3767 1155 3831 Christ,

209 3846 236 3894 in
246 3845 344 3894 honour
354 3844 383 3893 of
391 3845 428 3894 St.
440 3843 525 3894 Peter.
691 3841 718 3888 iu
741 3841 782 3888 the
804 3840 919 3900 kingdom
938 3838 966 3897 eff
986 3839 1040 3886 God
1061 3853 1076 3886 a
1099 3838 1153 3901 lwly

559 3909 561 3915 '
690 3909 785 3973 piru!
806 3908 880 3975 (Sex.
893 3907 985 3957 chron.
1003 3909 1053 3956 An.
1067 3905 1154 3970 1065.)

244 3981 252 4014 ¹
275 3983 415 4044 Simplicem
437 3981 551 4045 spiritum
577 3980 667 4029 cebete·
692 3975 1153 4042 KingEadwarddiedon'l'hursday

207 4051 424 4115 regnoexlribait]
436 4051 489 4099 The
501 4051 617 4099 editores
624 4049 667 4098 the
691 4049 733 4097 the
746 4049 789 4096 oth
799 4048 828 4097 of
836 4048 895 4097 Jan.
905 4049 979 4106 1⁰66,
987 4045 1074 4094 astera
1082 4047 1153 4107 reign

207 4123 292 4172 Saxon
315 4121 448 4172 Chronicle
476 4120 552 4185 (Rev.
575 4120 602 4170 J.
624 4120 668 4167 In·
691 4117 1038 4178 oltwenty-threeyears,six
1046 4115 1154 4176 months,

206 4189 288 4255 mam)
300 4195 417 4254 suggests
429 4190 484 4240 that
492 4189 668 4250 Malmesbury
692 4188 743 4236 and
753 4192 938 4248 twenty-seven
949 4184 1023 4246 days.

206 4259 253 4310 has
269 4260 379 4322 adopted
396 4260 438 4309 the
449 4274 510 4320 very
521 4259 667 4320 expression
726 4254 737 4288 ²
748 4257 783 4305 Ut
793 4271 867 4320 eume
877 4251 953 4314 diet]
969 4255 982 4316 t
992 4257 1048 4316 196,
1056 4268 1082 4314 p.
1096 4255 1152 4302 ³80.

945 4329 1002 4392 ac
