3190 5060
196 513 267 560 mn.
283 495 326 576 1.]
422 507 536 556 ossus
555 507 686 554 ¹uncam
709 505 926 554 ¹arcuerunt.
1087 491 1152 558 123

196 667 280 750 quia
293 667 406 730 beatae
424 663 672 729 reeordationis
687 663 921 744 Augustinus
935 663 995 746 qui
1008 665 1152 729 verbum

198 768 279 843 Dei,
294 767 485 848 imperante
503 763 687 846 Gregorio,
702 763 898 845 Anglorum
915 763 1020 845 genti·
1034 765 1156 828 minis<

198 868 327 943 trabat,
344 871 380 929 et
395 864 640 946 gloriosissime
654 864 808 927 eeclesiis
822 862 962 945 praesuit
977 862 1154 941 Saxoniae,

200 965 378 1029 incedam
400 964 542 1028 civitate
568 963 658 1027 diem
681 963 778 1041 obiit,
798 969 834 1027 et
855 980 980 1045 corpus
1002 963 1095 1027 illius
1117 964 1154 1026 in

201 1063 345 1128 basihca
368 1065 463 1128 beati
478 1064 575 1127 Petri
597 1062 831 1145 apostolorum
853 1061 1030 1145 principis,
1050 1081 1154 1145 quarn

202 1182 381 1228 successor
402 1162 478 1246 ejus
496 1163 705 1226 Laurentius
723 1162 887 1238 sacravit,
901 1163 1077 1226 conditum
1099 1162 1154 1225 su-

201 1264 298 1339 isset,
313 1263 427 1327 visum
440 1269 494 1326 est
508 1263 642 1326 cunctis
667 1261 780 1343 gentis
796 1269 925 1324 nostrae
942 1262 1155 1343 sapientibus

200 1371 373 1444 quatenus
402 1363 438 1426 in
461 1361 524 1426 illa
556 1362 698 1426 civitate
729 1360 1017 1442 metropolitanus
1045 1362 1155 1425 honor

202 1462 387 1525 haberetur
413 1461 473 1524 ubi
499 1456 660 1543 ¹corpore
689 1467 815 1542 pausat
840 1460 900 1541 qui
922 1460 976 1523 his
997 1461 1155 1543 partibus

203 1561 282 1624 fidei
298 1560 478 1624 veritatem
499 1559 656 1623 inseruit.
710 1557 820 1642 Cujus
833 1559 964 1641 itaque,
988 1559 1077 1623 sicut
1093 1559 1155 1624 uos¹

202 1660 310 1737 scitis,
326 1659 507 1741 dignitatis
521 1659 686 1724 honorem
698 1658 847 1741 primum
866 1677 930 1720 rex
946 1657 1036 1736 offa,
1049 1678 1154 1741 prop-

202 1768 256 1824 ter
269 1759 485 1823 inimicitiam
498 1777 575 1822 cum
588 1757 778 1823 venerabili
794 1757 969 1822 Lauberto
993 1765 1029 1821 et
1051 1766 1156 1839 gente

204 1857 472 1923 Cantuariorum
487 1865 677 1940 acceptam,
698 1864 867 1933 avertere,
883 1865 918 1921 et
932 1858 968 1919 in
983 1857 1070 1920 duas
1092 1878 1156 1940 pa·

201 1958 338 2023 rochias
354 1958 534 2041 dissipare,
551 1958 668 2037 nisus;
692 1963 728 2020 et
741 1955 916 2038 piissimus
930 1957 1156 2039 coepiscopus

203 2065 239 2121 et
262 2063 460 2122 antecessor
488 2065 604 2122 vester
636 2054 822 2134 Adrianus,
851 2063 978 2137 rogatu
1000 2057 1158 2138 praedicti

204 2158 307 2238 regiS,
322 2156 435 2221 facere
457 2155 670 2239 coepitquod
684 2155 779 2237 prins
802 2174 903 2218 nemo
925 2157 1159 2238 praesurnpsit,
1194 2167 1208 2204 -“

205 2263 241 2320 et
257 2256 465 2321 Marciorum
477 2256 661 2338 praesulem
674 2254 780 2337 pallio
795 2253 932 2318 extulit.
985 2253 1158 2319 Neutrum

206 2363 322 2420 tamen
346 2375 392 2420 ex
412 2356 466 2418 his
490 2355 681 2438 culpamus
696 2374 783 2437 quos
801 2352 972 2431 Christus,
987 2362 1027 2418 ut
1049 2355 1159 2418 credi-

204 2475 293 2534 mus,
316 2463 448 2519 aeterna
460 2454 606 2520 victoria
620 2454 821 2536 triumphat.
872 2452 940 2516 Sed
962 2460 1078 2517 tamen
1096 2474 1157 2518 ex-

206 2555 399 2619 cellentiam
424 2563 575 2619 vestram
596 2553 742 2616 humiles
764 2571 961 2630 exoramus,
990 2554 1114 2636 quibus
1129 2571 1159 2617 'a

207 2655 423 2719 Deo'merito
446 2653 627 2736 sapientiae
643 2653 752 2716 clavis
775 2652 904 2716 collata
923 2660 988 2728 est,
1002 2659 1041 2715 ut
1056 2671 1160 2736 super

206 2753 272 2818 hac
302 2773 408 2818 causa
435 2772 512 2817 cnm
538 2753 752 2834 sapientibus
775 2752 899 2815 vestris
923 2753 1101 2833 quaeratis,
1124 2760 1160 2817 et

206 2853 368 2936 quicquid
382 2853 481 2917 vobis
497 2852 667 2930 videatur,
683 2852 782 2915 nohis
795 2857 918 2933 postca
939 2850 1159 2929 servandum,

207 2953 392 3016 rescribere
416 2951 626 3034 dignemini3
650 2951 826 3015 netunica
841 2949 971 3015 Christi
996 2950 1158 3014 inconsu·

207 3052 278 3115 tilis
308 3051 455 3135 alicujus
486 3053 577 3116 inter
605 3069 668 3115 nos
694 3049 919 3114 dissensionis
948 3051 1073 3114 scisma
1096 3069 1158 3134 pa-

208 3151 326 3229 tiatur,
349 3151 410 3216 sed
431 3172 493 3235 per
507 3157 659 3216 vestram
682 3169 804 3213 sanam
827 3150 1032 3228 doctrinam,
1048 3159 1088 3215 ut
1100 3149 1159 3214 de-
1201 3161 1204 3168 '

207 3249 411 3330 sideramus,
444 3250 489 3314 ad
518 3269 611 3314 verae
648 3249 745 3332 pacis
773 3249 944 3314 unitatem
978 3250 1158 3332 dirigatur

209 3349 342 3431 Magna
364 3351 455 3414 enim
477 3350 672 3414 humilitate
698 3349 800 3413 simul
824 3356 859 3413 et
880 3348 1064 3413 dilectione
1086 3349 1161 3412 hoeo

207 3449 271 3513 tibi
285 3451 497 3534 scripsimus,
505 3469 599 3533 papa
612 3448 821 3524 beatissime,
834 3448 1051 3512 clementiam
1065 3455 1162 3511 tuam

207 3548 382 3630 profusius
403 3557 584 3633 precantes
598 3555 771 3631 quatenus
794 3547 839 3610 ad
860 3566 913 3625 ea,
929 3566 1009 3628 quae
1026 3566 1048 3609 a
1063 3547 1162 3611 nohis

208 3650 404 3713 necessario
436 3649 602 3732 explicita
625 3655 720 3725 sunt,
750 3647 899 3728 benigne
930 3653 965 3710 et
984 3646 1081 3731 juste
1107 3666 1162 3709 re-

209 3749 394 3829 spondeas.
446 3748 515 3812 Sed
537 3757 573 3812 et
594 3748 689 3811 illam
712 3747 907 3829 epistolam,
921 3766 1026 3829 quam
1043 3745 1163 3810 Ethel-

209 3847 314 3911 ardus
340 3848 619 3931 archiepiscopus
645 3865 760 3911 coram
785 3847 919 3911 cunctis
942 3845 1164 3928 provinciali·

207 3947 273 4010 bns
304 3948 475 4031 episcopis
503 3948 631 4012 nostris
671 3946 896 4029 multiplicius
926 3945 969 4009 de
999 3945 1084 4021 suis,
1124 3963 1165 4007 ac

245 4216 251 4246 ¹
267 4221 372 4338 Οἶνρῖε
373 4214 493 4339 kpiscant]
510 4221 539 4268 C.
551 4219 586 4268 D.
594 4219 628 4268 Ε.
637 4218 691 4280 M.;
708 4230 801 4279 corpus
819 4219 921 4280 pausat,
932 4216 981 4277 L.;
998 4230 1090 4279 corpus
1107 4217 1168 4278 ejus

208 4304 291 4350 pausa
303 4323 312 4352 ,
352 4325 359 4338 .
396 4325 403 4338 .
1032 4328 1035 4334 ,
1157 4326 1162 4330 .
