3190 5060
210 518 276 565 mr.
294 503 336 582 a]
433 519 547 567 cnsrn
571 519 697 568 aucun
722 522 933 570 auenonuu.
1099 506 1163 570 129

210 676 529 760 Langobardorum,
554 687 590 744 et
619 681 785 762 patricius
814 680 1062 756 Romanorum,
1085 681 1160 745 viro

209 779 406 844 venerando
421 786 457 844 et
470 779 569 843 fratri
578 780 754 845 carissimo
764 779 852 844 Offae
867 782 940 862 regi
951 779 1160 847 Merciorum

205 877 365 942 salutem.
417 878 536 944 Primo
547 880 679 961 gratias
690 881 825 961 agimus
840 879 1068 962 omnipotenti
1082 881 1159 946 Deo

208 977 250 1041 de
266 979 447 1043 catholicae
461 979 540 1043 fidei
556 979 757 1044 sinceritate
768 1000 873 1063 quam
889 981 925 1043 in
940 981 1066 1045 vestris
1082 980 1158 1044 lau·-

208 1077 368 1142 dabiliter
390 1079 528 1160 paginis
550 1079 739 1161 reperimus
768 1087 958 1144 exaratam.
1019 1080 1074 1143 De
1097 1100 1157 1163 pe·

208 1178 354 1259 regrinis
368 1198 464 1256 vero,
486 1179 558 1261 qui,
580 1197 643 1261 pro
663 1199 778 1244 amore
795 1180 863 1243 Dei
887 1187 922 1244 et
946 1179 1059 1244 salute
1081 1180 1156 1244 ani·

207 1296 340 1341 marum
371 1296 524 1356 suarum,
554 1279 733 1343 beatorum
766 1279 1000 1361 apostolorum
1037 1279 1157 1342 limina

207 1376 403 1442 desiderant
423 1378 530 1456 adire,
553 1397 631 1441 cum
653 1397 739 1461 pace
761 1379 836 1442 sine
856 1379 949 1442 omni
974 1380 1155 1461 perturba-

209 1477 301 1541 tione
322 1477 474 1557 vadant3
498 1477 559 1542 sed
586 1478 616 1540 si
640 1479 758 1560 aliqui,
782 1498 851 1542 non
872 1477 1031 1559 religioni
1048 1479 1155 1542 servi-

208 1584 317 1653 entes,
333 1577 393 1641 sed
408 1576 505 1641 lucra
524 1584 709 1654 sectanteS,
730 1578 953 1642 inveniantur
972 1577 1063 1641 inter
1084 1598 1156 1654 eoS,

207 1676 293 1740 locis
315 1677 518 1759 opportunis
543 1683 676 1742 statuta
703 1676 841 1741 solvant
866 1676 1028 1740 thelonia.
1083 1677 1155 1740 Ne·

208 1777 398 1856 gotiatores
414 1796 552 1859 quoque
567 1776 739 1854 volumno,
759 1783 800 1840 ut
821 1796 866 1840 ex
888 1775 1053 1838 mandato
1075 1796 1156 1840 nos-

209 1882 262 1938 tro
286 1875 515 1959 patrocinium
541 1876 693 1940 habeant
720 1877 756 1940 in
786 1895 894 1956 regno
922 1882 1042 1938 nostro
1064 1876 1155 1956 legi·

208 1974 290 2038 time
303 1995 311 2054 3
336 1982 370 2038 ct
385 1975 416 2038 si
431 1975 467 2038 in
482 1976 599 2057 aliquo
621 1975 698 2040 loco
720 1974 853 2059 injusta
867 1974 1067 2056 affligantur
1092 1995 1154 2057 op-

210 2074 396 2154 pressione,
420 2075 608 2139 reclament
631 2094 668 2138 se
698 2074 743 2138 ad
772 2094 835 2139 nos
858 2073 914 2138 vel
940 2080 1077 2138 nostros
1096 2074 1155 2157 ju·

208 2172 313 2251 diceS,
328 2181 362 2238 et
376 2174 514 2257 plenam
524 2173 722 2259 jubebimus
740 2173 913 2257 justitiam
926 2172 1009 2236 fieri.
1064 2173 1156 2255 Cog-

208 2280 329 2338 noscat
351 2294 487 2356 quoque
508 2274 646 2338 dilectio
661 2280 790 2350 vestra,
810 2273 902 2356 quod
924 2273 1075 2355 aliquam
1097 2275 1157 2337 be-

208 2373 414 2454 nignitatem
440 2374 484 2437 de
509 2372 703 2438 dalmaticis
730 2373 859 2437 nostris
883 2372 940 2438 vel
967 2372 1081 2456 palliis
1112 2373 1156 2436 ad

206 2472 362 2555 singulas
375 2474 475 2538 sedes
486 2473 700 2556 episcopales
717 2473 816 2554 regni
830 2471 937 2536 vestri
949 2472 1006 2536 vel
1022 2466 1155 2536 ¹Ethel-

208 2571 280 2636 redi
301 2572 496 2646 direximus
508 2573 546 2636 in
565 2573 808 2637 eleemosinam
824 2569 953 2636 domini
972 2572 1156 2654 apostolici

212 2669 367 2751 Adriani,
383 2673 608 2756 deprecantes
622 2679 663 2736 ut
676 2691 740 2755 pro
752 2691 793 2736 eo
804 2670 970 2735 intercedi
979 2671 1133 2754 jubeatis
1146 2692 1154 2750 3

208 2773 337 2836 nullam
351 2773 516 2838 habentes
531 2771 780 2836 dubitationem
795 2771 933 2834 beatam
954 2770 1048 2832 illius
1062 2763 1156 2832 ²ani·

209 2890 301 2934 mam
323 2872 359 2935 in
381 2873 499 2955 requie
520 2891 608 2949 esse,
625 2871 686 2935 sed
709 2877 750 2935 ut
774 2869 874 2934 fidem
889 2878 925 2934 et
939 2869 1156 2933 dilectionem

208 2972 430 3035 ostendamus
455 2971 491 3034 in
516 2971 663 3036 amicum
691 2971 790 3034 nobis
813 2969 1036 3034 carissimum.
1089 2968 1157 3032 Sed

206 3077 242 3134 et
267 3071 309 3134 de
334 3071 498 3136 thesauro
519 3071 748 3134 humanarum
770 3089 897 3146 rerum,
917 3088 1019 3150 quem
1035 3069 1156 3133 Domi-

207 3189 271 3233 uus
286 3169 310 3234 J
313 3190 391 3235 esus
406 3172 505 3235 nobis
521 3171 675 3253 gratuita
688 3169 819 3252 pietate
833 3169 1015 3247 concessit,
1027 3167 1156 3250 aliquid

205 3289 267 3351 per
293 3270 577 3353 metropolitanas
605 3269 764 3334 civitates
796 3269 1006 3347 direximus3
1030 3274 1156 3332 vestrae
1265 3287 1268 3294 ·

207 3389 344 3451 quoque
366 3369 542 3435 dilectioni
565 3390 672 3433 unum
693 3368 869 3432 baltheum
894 3375 929 3432 et
950 3387 1055 3432 unum
1081 3366 1156 3449 gla-

206 3467 299 3532 dium
317 3469 525 3547 Huniscum,
540 3477 575 3534 et
589 3470 657 3533 duo
670 3467 778 3550 pallia
792 3466 925 3531 serica?

257 3568 275 3652 §
288 3569 343 3633 94.
368 3569 458 3632 Haec
473 3569 650 3634 saltuatim
667 3568 773 3632 verba
786 3566 943 3648 epistolae
957 3564 1156 3645 decerpens
1169 3586 1273 3676 pssepa

206 3667 330 3732 iccirco
360 3669 518 3751 apposui,
554 3674 594 3732 ut
621 3666 770 3750 posteris
800 3665 972 3729 elucescat
1006 3662 1157 3726 amicitia
1190 3664 1224 3675 ''
1274 3665 1278 3676 '

209 3765 297 3831 Offae
326 3775 361 3832 et
379 3768 525 3847 Karoli3
555 3767 654 3852 cujus
676 3765 911 3830 familiaritate
934 3763 1055 3839 fretus,
1076 3762 1157 3826 licet

207 3867 393 3931 multorum
417 3869 641 3950 impeteretur
665 3866 757 3943 odio,
785 3865 877 3929 dulci
904 3872 1021 3929 tamen
1049 3862 1157 3926 vitam

205 3968 419 4050 consumpsit
430 3968 514 4044 otio,
523 3973 559 4030 et
573 3961 773 4049 8ngertum
783 3965 902 4040 lilium,
914 3971 995 4027 ante
1011 3969 1157 4026 mortem

241 4167 249 4199 ¹
262 4169 412 4232 armarat]
429 4168 577 4229 Aetbelred,
586 4169 671 4218 orAe·
689 4193 691 4196 ·
732 4165 867 4215 'Animum
879 4165 906 4212 iu
916 4163 998 4226 requie
1009 4161 1081 4224 essa]
1105 4162 1158 4210 Ad-

201 4239 340 4300 -thelberht,
359 4239 388 4287 of
405 4239 589 4288 Nerthumbria
611 4239 671 4287 died
697 4239 753 4287 riau
764 4236 824 4285 died
835 4235 895 4284 nath
907 4233 1048 4282 December
1059 4236 1116 4282 795.

207 4309 266 4358 roth
278 4309 354 4370 April
366 4313 424 4364 796.
734 4304 744 4333 ³
758 4304 985 4369 Egt‘ertamfiliam,
993 4306 1049 4350 uate
1060 4306 1160 4356 mortem

950 4425 952 4430 ·
986 4395 1007 4440 K
