3150 5046
421 522 487 588 sal
644 537 759 585 cussa
782 535 910 584 ancon
933 534 1147 582 suetonum
1231 519 1320 600 [nm.
1338 537 1376 582 11.

423 699 563 776 pectore
579 692 731 756 omnium
753 692 945 756 liberalium
963 691 1090 757 artium
1113 699 1206 757 esset
1226 712 1372 776 gymna-

423 794 526 869 sium,
541 793 601 856 sed
623 812 769 874 parvum
788 792 825 855 in
843 792 1027 856 mundanis
1050 793 1153 855 rebus
1173 793 1369 874 ingeninm;

423 907 527 975 quam
543 911 621 954 cum
631 892 777 970 videres,
794 885 842 956 ¹si
854 893 972 956 literas
987 901 1157 974 stuperes,
1169 892 1373 956 modestiam

423 999 518 1056 certe
553 991 659 1054 animi
698 999 735 1056 et
771 991 921 1074 speciem
959 993 1113 1074 corporis
1148 991 1370 1056 desiderares.

426 1090 529 1167 Haec,
543 1098 579 1154 et
593 1090 673 1155 vivo
687 1092 813 1155 marito
828 1099 864 1155 et
877 1097 1026 1168 mortuo,
1043 1091 1161 1173 probri
1175 1092 1372 1173 suspicione

424 1210 495 1254 non
506 1190 637 1270 camit3
653 1191 726 1267 sed,
736 1182 899 1254 ²moriens
910 1198 1064 1273 tempore
1075 1184 1370 1274 ³Willelmi,jure·

420 1289 572 1373 jurando
593 1290 787 1354 astantibus
802 1290 846 1354 de
869 1297 1037 1372 perpetua
1057 1289 1257 1372 integritate
1279 1291 1371 1354 ultro

423 1389 604 1453 satisfecit.
656 1389 814 1471 Nuptam
836 1390 903 1453 sibi
923 1409 986 1453 rex
1007 1389 1073 1453 bac
1094 1396 1170 1453 arte
1184 1389 1371 1468 tractabat,

425 1496 466 1553 ut
488 1508 551 1553 nec
573 1488 676 1553 thoro
700 1496 887 1566 amoveret,
913 1508 976 1552 nec
993 1488 1085 1553 virili
1106 1509 1201 1553 more
1224 1508 1371 1571 cognos-

425 1595 540 1653 ceret:
565 1588 656 1669 quod
681 1607 728 1652 an
752 1581 911 1652 ⁴familiae
934 1587 1029 1652 illius
1058 1587 1149 1666 odio,
1175 1588 1267 1671 quod
1289 1609 1370 1672 prn-

424 1687 546 1752 denter
559 1686 801 1753 dissimulabat
819 1708 883 1770 pro
905 1694 1072 1770 tempore,
1094 1707 1139 1751 en
1154 1706 1270 1751 amore
1294 1707 1370 1751 cas·

424 1786 537 1851 titatis
563 1786 694 1864 fecerit,
718 1807 781 1869 pro
804 1793 900 1851 certo
916 1793 1130 1869 compertum
1155 1806 1225 1850 non
1246 1787 1368 1852 babeo.

426 1885 519 1953 Illud
543 1885 763 1959 celeberrime
787 1885 908 1964 fertur,
935 1899 1113 1968 nunquam
1136 1887 1235 1950 illum
1254 1885 1371 1969 cujus-

425 2004 529 2067 quam
557 1985 711 2050 mulieris
741 1987 967 2051 contubernio
998 1986 1200 2068 pudicitiam
1228 1987 1371 2051 laesisse.

263 2101 394 2140 statements
425 2083 493 2148 Sed
522 2086 605 2168 quia
633 2085 678 2149 ad
707 2085 743 2149 id
771 2086 927 2150 locorum
948 2092 1091 2151 ventum
1116 2092 1182 2163 est,
1208 2086 1371 2150 lectorem

263 2152 287 2189 ot
293 2152 364 2190 saxon
370 2151 413 2190 und

263 2201 413 2291 ppffisvp
425 2185 665 2266 praemonitum
681 2184 762 2248 volo
777 2184 870 2268 quod
885 2185 941 2248 bic
955 2186 1055 2268 quasi
1079 2184 1264 2268 ancipitem
1279 2186 1370 2249 viam

263 2301 341 2341 aaa
425 2283 634 2348 narrationis
658 2284 770 2361 video,
793 2285 876 2366 quia
900 2285 1029 2350 veritas
1055 2285 1225 2349 factorum
1246 2284 1373 2367 pendet

424 2383 462 2446 in
484 2383 601 2447 dubio.
652 2382 829 2465 Siquidem
850 2383 1049 2466 aliquantos
1065 2384 1287 2448 Normannos
1309 2405 1372 2448 rex

424 2482 644 2561 accersierat,
659 2482 719 2565 qui
734 2482 815 2547 olim
831 2484 983 2568 inopiam
1007 2483 1120 2548 exulis
1143 2484 1300 2566 pauculis
1312 2485 1372 2548 be-

424 2582 557 2646 neliciis
586 2583 766 2662 levarant3
796 2583 886 2647 inter
911 2602 998 2664 quos
1021 2577 1033 2614 ⁵
1040 2583 1245 2661 Rob'ertum,
1271 2603 1373 2666 quem

426 2701 471 2745 ex
487 2681 656 2747 monacho
670 2681 938 2747 Gemmeticensi
956 2682 1156 2765 episcopum
1172 2681 1373 2761 Londoniae,

191 2857 196 2865 Ι
263 2809 317 2849 sn.
328 2810 384 2850 10⁵1.
426 2788 462 2845 ct
492 2790 573 2865 post
609 2780 905 2864 archiepiscopum
941 2781 1154 2859 cantuariae,
1191 2789 1373 2850 statuerat.

460 3053 468 3085 ¹
490 3056 521 3106 si
540 3056 626 3104 literas
643 3051 773 3118 stuperes]
796 3053 887 3116 lngul-
911 3054 1072 3104 winchester
1096 3069 1172 3104 seven
1195 3054 1260 3116 days
1287 3056 1372 3105 before

424 3125 502 3186 phus,
536 3125 653 3184 alluding
688 3128 714 3172 to
750 3123 887 3185 Eadgitbe,
912 3125 1052 3174 Christmas
1064 3122 1141 3189 (Dec.
1154 3120 1208 3187 19),
1219 3126 1246 3173 in
1256 3124 1299 3174 the
1313 3141 1374 3186 year

424 3195 511 3243 writes
521 3210 528 3244 ε
545 3194 553 3222 ‘
563 3194 656 3242 Puella
666 3192 846 3254 pulcherrime,
857 3194 889 3242 li·
913 3198 991 3256 1⁰⁷53
1002 3195 1053 3243 and
1061 3209 1116 3244 was
1126 3195 1218 3242 buried
1228 3195 1291 3244 with
1302 3201 1374 3257 great

425 3265 486 3312 teris
493 3265 607 3325 apprime
615 3263 716 3313 erudita
724 3263 741 3323 ;’
750 3263 801 3312 and
812 3264 887 3311 ‘Vidi
911 3278 987 3325 pomp
1004 3265 1031 3312 in
1048 3263 1091 3314 the
1102 3278 1172 3313 same
1190 3279 1267 3326 grave
1284 3278 1314 3313 as
1328 3265 1373 3314 ber

425 3347 474 3396 ego
491 3334 562 3383 illam
583 3333 738 3394 multotiens,
760 3337 821 3382 cum
841 3347 888 3395 pa·
911 3333 1038 3395 husband,
1070 3338 1098 3382 at
1124 3333 1311 3394 Westminstcr,
1339 3335 1373 3395 by

425 3407 488 3452 trem
507 3418 591 3452 meum
612 3404 639 3453 in
661 3403 729 3465 regis
745 3402 818 3451 curia
835 3417 888 3450 mo·
911 3403 1043 3452 command
1062 3403 1091 3453 ci
1107 3403 1221 3454 william
1243 3403 1286 3452 the
1308 3404 1374 3452 Con·

343 3511 346 3518 .
425 3478 522 3522 rentem
545 3473 631 3522 adhuc
653 3487 719 3533 puer
743 3472 887 3531 inviserem,
911 3486 1010 3534 queror.

425 3548 452 3592 et
468 3543 564 3603 SaePlllS
576 3542 639 3591 milli
659 3543 691 3591 de
710 3541 803 3591 scholis
818 3541 888 3589 velli·
946 3561 1115 3629 'Wduelmffl
1134 3566 1165 3615 c·
1183 3565 1219 3615 D·
1239 3565 1289 3614 E..
1306 3564 1375 3627 10ng

426 3614 478 3661 enti
502 3613 534 3660 de
564 3612 645 3660 literis
672 3625 703 3662 ac
724 3625 801 3660 versu
831 3625 887 3659 meo
911 3635 1034 3685 Ἥκω
1054 3635 1078 3686 Δ
1098 3636 1121 3685 S
1140 3635 1163 3684 L
1282 3601 1290 3627 '

425 3682 675 3764 apponebant-cum*
705 3693 887 3762 occurrerem3
946 3717 993 3770 ,F
1032 3670 1088 3770 ‘’r'
1121 3670 1195 3771 'A'S
1222 3719 1249 3768 D
1275 3720 1299 3768 Ε
1324 3720 1374 3769 L·

425 3757 451 3800 et
471 3753 637 3801 lrbentrssrme
663 3748 696 3799 de
724 3752 888 3812 grammatica
911 3790 924 3840 s
952 3736 1031 3839 ssa'g
1052 3721 1104 3784 η’]
1149 3756 1156 3770 ·
1195 3754 1204 3771 ⁰
1250 3755 1258 3770 ·
1300 3755 1308 3770 ·
1349 3755 1375 3782 ’ν

426 3821 554 3870 soliditate
572 3820 606 3868 ad
624 3819 733 3881 logicam
749 3820 888 3881 levitatem,
921 3805 951 3840 Μ
971 3806 996 3854 ⁶²
1032 3825 1040 3841 ·

426 3905 479 3951 qua
495 3890 613 3952 callebat,
623 3889 763 3950 declinans,
773 3903 831 3936 cum
848 3902 888 3936 ar·
944 3881 1110 3944 ‘lictorum
1128 3897 1197 3946 quem
1213 3881 1375 3932 erc-mortecto

426 3964 600 4022 gumentorum
612 3959 700 4008 subtili
714 3959 834 4020 ligamine
846 3973 886 4007 me
913 3951 1378 4016 Gemmeticeestepieopenmeaioe,

425 4030 601 4090 conclusisset,
622 4042 722 4090 semper
742 4028 824 4076 tribus
842 4031 888 4076 aut
911 4023 1213 4086 etpostarcbiepiscopum
1223 4022 1376 4082 Centaurica,

426 4103 536 4160 quatuor
553 4099 663 4147 nummis
678 4112 725 4158 per
740 4097 886 4146 ancillulam
911 4089 1067 4158 statuerat]
1097 4093 1191 4140 Robert
1218 4105 1273 4140 was
1301 4091 1374 4140 made

425 4170 572 4230 numeratis,
580 4168 614 4217 ad
620 4168 717 4229 regium
729 4181 795 4228 penu
805 4173 887 4216 nans-
911 4163 1064 4223 archbishop
1075 4161 1104 4210 os
1118 4161 1277 4221 Cauterbury
1288 4161 1314 4208 in
1332 4160 1374 4208 the

425 4239 504 4299 misit,
515 4242 540 4286 et
551 4237 671 4286 reiectum
683 4236 798 4285 dimisit!
912 4247 974 4293 year
999 4236 1062 4280 1051
1095 4229 1168 4296 (Sex.
1192 4227 1299 4294 Chron.)
1324 4229 1375 4278 aad

460 4303 471 4334 ²
487 4307 618 4369 Moriere]
637 4305 762 4369 Eadgithe
783 4303 842 4354 died
860 4307 887 4352 at
912 4303 1031 4363 expelled
1043 4301 1068 4350 in
1080 4301 1123 4350 the
1134 4300 1265 4361 following
1276 4314 1346 4361 year.
