<?xml version="1.0" encoding="UTF-8"?>
<!DOCTYPE html PUBLIC "-//W3C//DTD XHTML 1.0 Transitional//EN"
    "http://www.w3.org/TR/xhtml1/DTD/xhtml1-transitional.dtd">
<html xmlns="http://www.w3.org/1999/xhtml" xml:lang="en" lang="en">
 <head>
  <title>
</title>
<meta http-equiv="Content-Type" content="text/html;charset=utf-8" />
  <meta name='ocr-system' content='tesseract 3.04.00' />
  <meta name='ocr-capabilities' content='ocr_page ocr_carea ocr_par ocr_line ocrx_word'/>
</head>
<body>
  <div class='ocr_page' id='page_1' title='image "./willelmimalmesb01hardgoog_0129.png"; bbox 0 0 3190 5060; ppageno 0'>
   <div class='ocr_carea' id='block_1_1' title="bbox 250 459 1202 540">
    <p class='ocr_par' dir='ltr' id='par_1_1' title="bbox 250 459 1202 540">
     <span class='ocr_line' id='line_1_1' title="bbox 250 459 1202 540; baseline 0.008 -18"><span class='ocrx_word' id='word_1_1' title='bbox 250 475 318 522; x_wconf 82' lang='lat' dir='ltr'><strong>nm.</strong></span> <span class='ocrx_word' id='word_1_2' title='bbox 335 459 377 540; x_wconf 94' lang='lat'><strong>1.]</strong></span> <span class='ocrx_word' id='word_1_3' title='bbox 474 475 588 524; x_wconf 79' lang='lat' dir='ltr'><strong>casm</strong></span> <span class='ocrx_word' id='word_1_4' title='bbox 612 476 739 524; x_wconf 77' lang='lat' dir='ltr'><strong>aucun</strong></span> <span class='ocrx_word' id='word_1_5' title='bbox 763 477 976 526; x_wconf 72' lang='lat' dir='ltr'><strong>nucnoauu.</strong></span> <span class='ocrx_word' id='word_1_6' title='bbox 1137 464 1202 530; x_wconf 83' lang='lat'><strong>115</strong></span> 
     </span>
    </p>
   </div>
   <div class='ocr_carea' id='block_1_2' title="bbox 229 631 1312 2007">
    <p class='ocr_par' dir='ltr' id='par_1_2' title="bbox 229 631 1201 1513">
     <span class='ocr_line' id='line_1_2' title="bbox 248 631 1201 714; baseline 0.006 -20"><span class='ocrx_word' id='word_1_7' title='bbox 248 631 301 712; x_wconf 82' lang='lat' dir='ltr'><strong>git</strong></span> <span class='ocrx_word' id='word_1_8' title='bbox 313 631 557 714; x_wconf 85' lang='lat' dir='ltr'><strong>sapientiam.”</strong></span> <span class='ocrx_word' id='word_1_9' title='bbox 592 632 689 711; x_wconf 89' lang='lat' dir='ltr'><strong>Ideo,</strong></span> <span class='ocrx_word' id='word_1_10' title='bbox 705 633 755 696; x_wconf 89' lang='lat' dir='ltr'><strong>fili</strong></span> <span class='ocrx_word' id='word_1_11' title='bbox 773 633 961 713; x_wconf 80' lang='lat' dir='ltr'><strong>carissime,</strong></span> <span class='ocrx_word' id='word_1_12' title='bbox 979 635 1201 700; x_wconf 82' lang='lat' dir='ltr'><strong>ostendentes</strong></span> 
     </span>
     <span class='ocr_line' id='line_1_3' title="bbox 249 731 1201 815; baseline 0.004 -21"><span class='ocrx_word' id='word_1_13' title='bbox 249 731 431 794; x_wconf 90' lang='lat' dir='ltr'><strong>consilium</strong></span> <span class='ocrx_word' id='word_1_14' title='bbox 463 731 611 815; x_wconf 86' lang='lat' dir='ltr'><strong>justum,</strong></span> <span class='ocrx_word' id='word_1_15' title='bbox 642 739 879 797; x_wconf 84' lang='lat' dir='ltr'><strong>contestamur</strong></span> <span class='ocrx_word' id='word_1_16' title='bbox 912 741 947 798; x_wconf 88' lang='lat' dir='ltr'><strong>et</strong></span> <span class='ocrx_word' id='word_1_17' title='bbox 979 736 1201 799; x_wconf 85' lang='lat' dir='ltr'><strong>obsecramus</strong></span> 
     </span>
     <span class='ocr_line' id='line_1_4' title="bbox 248 831 1200 917; baseline 0.007 -25"><span class='ocrx_word' id='word_1_18' title='bbox 248 849 311 911; x_wconf 90' lang='lat' dir='ltr'><strong>per</strong></span> <span class='ocrx_word' id='word_1_19' title='bbox 335 831 509 894; x_wconf 84' lang='lat' dir='ltr'><strong>viventem</strong></span> <span class='ocrx_word' id='word_1_20' title='bbox 534 831 660 908; x_wconf 90' lang='lat' dir='ltr'><strong>Deum,</strong></span> <span class='ocrx_word' id='word_1_21' title='bbox 691 840 727 897; x_wconf 89' lang='lat' dir='ltr'><strong>et</strong></span> <span class='ocrx_word' id='word_1_22' title='bbox 751 852 814 914; x_wconf 93' lang='lat' dir='ltr'><strong>per</strong></span> <span class='ocrx_word' id='word_1_23' title='bbox 838 833 947 896; x_wconf 88' lang='lat' dir='ltr'><strong>filium</strong></span> <span class='ocrx_word' id='word_1_24' title='bbox 972 833 1048 917; x_wconf 89' lang='lat' dir='ltr'><strong>ejus</strong></span> <span class='ocrx_word' id='word_1_25' title='bbox 1076 833 1100 898; x_wconf 84' lang='lat' dir='ltr'>J</span> <span class='ocrx_word' id='word_1_26' title='bbox 1104 855 1200 899; x_wconf 89' lang='lat' dir='ltr'><strong>esum</strong></span> 
     </span>
     <span class='ocr_line' id='line_1_5' title="bbox 250 927 1200 1013; baseline 0.007 -22"><span class='ocrx_word' id='word_1_27' title='bbox 250 927 440 1007; x_wconf 85' lang='lat' dir='ltr'><strong>Christum,</strong></span> <span class='ocrx_word' id='word_1_28' title='bbox 452 936 558 1012; x_wconf 86' lang='lat' dir='ltr'><strong>etpcr</strong></span> <span class='ocrx_word' id='word_1_29' title='bbox 574 930 742 1013; x_wconf 89' lang='lat' dir='ltr'><strong>Spiritum</strong></span> <span class='ocrx_word' id='word_1_30' title='bbox 760 931 938 1010; x_wconf 88' lang='lat' dir='ltr'><strong>Sanctum,</strong></span> <span class='ocrx_word' id='word_1_31' title='bbox 956 940 996 997; x_wconf 93' lang='lat' dir='ltr'><strong>ut</strong></span> <span class='ocrx_word' id='word_1_32' title='bbox 1011 933 1200 998; x_wconf 89' lang='lat' dir='ltr'><strong>recorderis</strong></span> 
     </span>
     <span class='ocr_line' id='line_1_6' title="bbox 249 1027 1200 1114; baseline 0.006 -23"><span class='ocrx_word' id='word_1_33' title='bbox 249 1047 355 1110; x_wconf 91' lang='lat' dir='ltr'><strong>quam</strong></span> <span class='ocrx_word' id='word_1_34' title='bbox 371 1027 521 1110; x_wconf 83' lang='lat' dir='ltr'><strong>fugitiva</strong></span> <span class='ocrx_word' id='word_1_35' title='bbox 543 1031 590 1093; x_wconf 92' lang='lat' dir='ltr'><strong>sit</strong></span> <span class='ocrx_word' id='word_1_36' title='bbox 611 1031 685 1094; x_wconf 86' lang='lat' dir='ltr'><strong>vita</strong></span> <span class='ocrx_word' id='word_1_37' title='bbox 706 1051 859 1112; x_wconf 89' lang='lat' dir='ltr'><strong>praesens</strong></span> <span class='ocrx_word' id='word_1_38' title='bbox 882 1038 917 1095; x_wconf 90' lang='lat' dir='ltr'><strong>et</strong></span> <span class='ocrx_word' id='word_1_39' title='bbox 942 1051 1048 1114; x_wconf 89' lang='lat' dir='ltr'><strong>quam</strong></span> <span class='ocrx_word' id='word_1_40' title='bbox 1071 1034 1200 1112; x_wconf 89' lang='lat' dir='ltr'><strong>brevis,</strong></span> 
     </span>
     <span class='ocr_line' id='line_1_7' title="bbox 229 1130 1200 1213; baseline 0.006 -23"><span class='ocrx_word' id='word_1_41' title='bbox 229 1134 284 1191; x_wconf 86' lang='lat' dir='ltr'><strong>&#39;ct</strong></span> <span class='ocrx_word' id='word_1_42' title='bbox 311 1147 416 1210; x_wconf 90' lang='lat' dir='ltr'><strong>quam</strong></span> <span class='ocrx_word' id='word_1_43' title='bbox 441 1136 682 1192; x_wconf 89' lang='lat' dir='ltr'><strong>momentanea</strong></span> <span class='ocrx_word' id='word_1_44' title='bbox 708 1130 892 1194; x_wconf 81' lang='lat' dir='ltr'><strong>delectatio</strong></span> <span class='ocrx_word' id='word_1_45' title='bbox 916 1150 1051 1213; x_wconf 85' lang='lat' dir='ltr'><strong>spurcae</strong></span> <span class='ocrx_word' id='word_1_46' title='bbox 1073 1133 1200 1209; x_wconf 78' lang='lat' dir='ltr'><strong>carniS,</strong></span> 
     </span>
     <span class='ocr_line' id='line_1_8' title="bbox 249 1229 1200 1309; baseline 0.005 -18"><span class='ocrx_word' id='word_1_47' title='bbox 249 1234 285 1291; x_wconf 91' lang='lat' dir='ltr'><strong>et</strong></span> <span class='ocrx_word' id='word_1_48' title='bbox 312 1246 417 1309; x_wconf 90' lang='lat' dir='ltr'><strong>quam</strong></span> <span class='ocrx_word' id='word_1_49' title='bbox 439 1229 707 1309; x_wconf 88' lang='lat' dir='ltr'><strong>ignominiosum</strong></span> <span class='ocrx_word' id='word_1_50' title='bbox 730 1230 777 1293; x_wconf 89' lang='lat' dir='ltr'><strong>sit</strong></span> <span class='ocrx_word' id='word_1_51' title='bbox 798 1236 838 1293; x_wconf 92' lang='lat' dir='ltr'><strong>ut</strong></span> <span class='ocrx_word' id='word_1_52' title='bbox 859 1232 974 1294; x_wconf 89' lang='lat' dir='ltr'><strong>brevis</strong></span> <span class='ocrx_word' id='word_1_53' title='bbox 996 1231 1079 1297; x_wconf 85' lang='lat' dir='ltr'><strong>vitae</strong></span> <span class='ocrx_word' id='word_1_54' title='bbox 1097 1232 1200 1296; x_wconf 90' lang='lat' dir='ltr'><strong>homo</strong></span> 
     </span>
     <span class='ocr_line' id='line_1_9' title="bbox 250 1326 1198 1414; baseline 0.005 -24"><span class='ocrx_word' id='word_1_55' title='bbox 250 1327 342 1390; x_wconf 88' lang='lat' dir='ltr'><strong>mala</strong></span> <span class='ocrx_word' id='word_1_56' title='bbox 366 1326 584 1408; x_wconf 85' lang='lat' dir='ltr'><strong>exemplam</strong></span> <span class='ocrx_word' id='word_1_57' title='bbox 609 1336 815 1410; x_wconf 86' lang='lat' dir='ltr'><strong>perpetuum</strong></span> <span class='ocrx_word' id='word_1_58' title='bbox 839 1331 988 1411; x_wconf 89' lang='lat' dir='ltr'><strong>posteris</strong></span> <span class='ocrx_word' id='word_1_59' title='bbox 1013 1330 1198 1414; x_wconf 89' lang='lat' dir='ltr'><strong>relinquat.</strong></span> 
     </span>
     <span class='ocr_line' id='line_1_10' title="bbox 243 1425 1200 1513; baseline 0.005 -25.037"><span class='ocrx_word' id='word_1_60' title='bbox 243 1425 371 1508; x_wconf 91' lang='lat' dir='ltr'><strong>Incipe</strong></span> <span class='ocrx_word' id='word_1_61' title='bbox 387 1446 471 1506; x_wconf 86' lang='lat' dir='ltr'><strong>ergo</strong></span> <span class='ocrx_word' id='word_1_62' title='bbox 486 1425 685 1492; x_wconf 90' lang='lat' dir='ltr'><strong>melioribus</strong></span> <span class='ocrx_word' id='word_1_63' title='bbox 699 1428 852 1492; x_wconf 80' lang='lat' dir='ltr'><strong>moribus</strong></span> <span class='ocrx_word' id='word_1_64' title='bbox 860 1429 968 1493; x_wconf 82' lang='lat' dir='ltr'><strong>vitam</strong></span> <span class='ocrx_word' id='word_1_65' title='bbox 983 1449 1200 1513; x_wconf 89' lang='lat' dir='ltr'><strong>componere,</strong></span> 
     </span>
    </p>

    <p class='ocr_par' dir='ltr' id='par_1_3' title="bbox 246 1526 1245 1908">
     <span class='ocr_line' id='line_1_11' title="bbox 246 1526 1199 1610; baseline 0.005 -22"><span class='ocrx_word' id='word_1_66' title='bbox 246 1532 285 1588; x_wconf 93' lang='lat' dir='ltr'><strong>et</strong></span> <span class='ocrx_word' id='word_1_67' title='bbox 300 1526 494 1607; x_wconf 89' lang='lat' dir='ltr'><strong>praeteritos</strong></span> <span class='ocrx_word' id='word_1_68' title='bbox 517 1545 649 1589; x_wconf 89' lang='lat' dir='ltr'><strong>errores</strong></span> <span class='ocrx_word' id='word_1_69' title='bbox 666 1527 863 1610; x_wconf 89' lang='lat' dir='ltr'><strong>juventutis</strong></span> <span class='ocrx_word' id='word_1_70' title='bbox 886 1530 1069 1610; x_wconf 83' lang='lat' dir='ltr'><strong>corrigere,</strong></span> <span class='ocrx_word' id='word_1_71' title='bbox 1088 1536 1127 1593; x_wconf 92' lang='lat' dir='ltr'><strong>ut</strong></span> <span class='ocrx_word' id='word_1_72' title='bbox 1144 1530 1199 1593; x_wconf 91' lang='lat' dir='ltr'><strong>hic</strong></span> 
     </span>
     <span class='ocr_line' id='line_1_12' title="bbox 249 1625 1245 1702; baseline 0.006 -16"><span class='ocrx_word' id='word_1_73' title='bbox 249 1643 366 1702; x_wconf 89' lang='lat' dir='ltr'><strong>coram</strong></span> <span class='ocrx_word' id='word_1_74' title='bbox 397 1625 592 1688; x_wconf 91' lang='lat' dir='ltr'><strong>hominibus</strong></span> <span class='ocrx_word' id='word_1_75' title='bbox 622 1625 760 1690; x_wconf 90' lang='lat' dir='ltr'><strong>laudem</strong></span> <span class='ocrx_word' id='word_1_76' title='bbox 790 1626 930 1702; x_wconf 87' lang='lat' dir='ltr'><strong>habeas,</strong></span> <span class='ocrx_word' id='word_1_77' title='bbox 960 1629 1029 1700; x_wconf 81' lang='lat' dir='ltr'><strong>et&#39;</strong></span> <span class='ocrx_word' id='word_1_78' title='bbox 1019 1648 1056 1690; x_wconf 91' lang='grc' dir='ltr'><strong>ιιι</strong></span> <span class='ocrx_word' id='word_1_79' title='bbox 1080 1629 1199 1692; x_wconf 85' lang='lat' dir='ltr'><strong>futuro</strong></span> <span class='ocrx_word' id='word_1_80' title='bbox 1242 1679 1245 1682; x_wconf 86' lang='lat'><strong>.</strong></span> 
     </span>
     <span class='ocr_line' id='line_1_13' title="bbox 249 1715 1199 1805; baseline 0.004 -19"><span class='ocrx_word' id='word_1_81' title='bbox 249 1729 380 1800; x_wconf 83' lang='lat' dir='ltr'><strong>aeterna</strong></span> <span class='ocrx_word' id='word_1_82' title='bbox 410 1725 522 1805; x_wconf 83' lang='lat' dir='ltr'><strong>gloria</strong></span> <span class='ocrx_word' id='word_1_83' title='bbox 559 1724 726 1805; x_wconf 77' lang='lat' dir='ltr'><strong>gaudeas</strong></span> <span class='ocrx_word' id='word_1_84' title='bbox 795 1725 924 1791; x_wconf 89' lang='lat' dir='ltr'><strong>Valere</strong></span> <span class='ocrx_word' id='word_1_85' title='bbox 961 1715 1199 1796; x_wconf 87' lang='lat' dir='ltr'><strong>celsitudinem</strong></span> 
     </span>
     <span class='ocr_line' id='line_1_14' title="bbox 249 1824 1144 1908; baseline 0.003 -22"><span class='ocrx_word' id='word_1_86' title='bbox 249 1829 357 1899; x_wconf 89' lang='lat' dir='ltr'><strong>tuam,</strong></span> <span class='ocrx_word' id='word_1_87' title='bbox 374 1825 434 1888; x_wconf 90' lang='lat' dir='ltr'><strong>et</strong></span> <span class='ocrx_word' id='word_1_88' title='bbox 424 1844 461 1886; x_wconf 93' lang='grc' dir='ltr'><strong>ιιι</strong></span> <span class='ocrx_word' id='word_1_89' title='bbox 477 1824 577 1887; x_wconf 92' lang='lat' dir='ltr'><strong>bonis</strong></span> <span class='ocrx_word' id='word_1_90' title='bbox 594 1825 747 1888; x_wconf 86' lang='lat' dir='ltr'><strong>moribus</strong></span> <span class='ocrx_word' id='word_1_91' title='bbox 762 1824 941 1907; x_wconf 88' lang='lat' dir='ltr'><strong>proficere,</strong></span> <span class='ocrx_word' id='word_1_92' title='bbox 958 1827 1144 1908; x_wconf 67' lang='lat' dir='ltr'><strong>optamus!</strong></span> 
     </span>
    </p>

    <p class='ocr_par' dir='ltr' id='par_1_4' title="bbox 301 1921 1312 2007">
     <span class='ocr_line' id='line_1_15' title="bbox 301 1921 1312 2007; baseline 0.003 -21"><span class='ocrx_word' id='word_1_93' title='bbox 301 1921 390 2004; x_wconf 62' lang='lat'><strong>§82</strong></span> <span class='ocrx_word' id='word_1_94' title='bbox 423 1922 543 2006; x_wconf 89' lang='lat' dir='ltr'><strong>Hujus</strong></span> <span class='ocrx_word' id='word_1_95' title='bbox 569 1923 725 2005; x_wconf 73' lang='lat' dir='ltr'><strong>epistolae</strong></span> <span class='ocrx_word' id='word_1_96' title='bbox 751 1928 984 2006; x_wconf 89' lang='lat' dir='ltr'><strong>competentes</strong></span> <span class='ocrx_word' id='word_1_97' title='bbox 1008 1925 1198 2007; x_wconf 88' lang='lat' dir='ltr'><strong>particulas</strong></span> <span class='ocrx_word' id='word_1_98' title='bbox 1211 1941 1312 1982; x_wconf 71' lang='lat' dir='ltr'><strong>nonime</strong></span> 
     </span>
    </p>
   </div>
   <div class='ocr_carea' id='block_1_3' title="bbox 250 1993 1363 2107">
    <p class='ocr_par' dir='ltr' id='par_1_5' title="bbox 250 1993 1363 2107">
     <span class='ocr_line' id='line_1_16' title="bbox 250 1993 1363 2107; baseline 0.009 -25"><span class='ocrx_word' id='word_1_99' title='bbox 250 2021 331 2084; x_wconf 88' lang='lat' dir='ltr'><strong>huic</strong></span> <span class='ocrx_word' id='word_1_100' title='bbox 355 2022 472 2086; x_wconf 87' lang='lat' dir='ltr'><strong>libello</strong></span> <span class='ocrx_word' id='word_1_101' title='bbox 493 2042 556 2104; x_wconf 92' lang='lat' dir='ltr'><strong>pro</strong></span> <span class='ocrx_word' id='word_1_102' title='bbox 578 2043 693 2086; x_wconf 86' lang='lat' dir='ltr'><strong>rerum</strong></span> <span class='ocrx_word' id='word_1_103' title='bbox 710 2024 861 2087; x_wconf 88' lang='lat' dir='ltr'><strong>notitia</strong></span> <span class='ocrx_word' id='word_1_104' title='bbox 852 2026 956 2101; x_wconf 78' lang='lat' dir='ltr'><strong>insui,</strong></span> <span class='ocrx_word' id='word_1_105' title='bbox 973 2026 1101 2107; x_wconf 89' lang='lat' dir='ltr'><strong>partim</strong></span> <span class='ocrx_word' id='word_1_106' title='bbox 1117 1993 1363 2092; x_wconf 57' lang='lat' dir='ltr'><strong>auc-ll¹t¹1⁸lib¹1⁸0⁰rto</strong></span> 
     </span>
    </p>
   </div>
   <div class='ocr_carea' id='block_1_4' title="bbox 182 2092 1320 3790">
    <p class='ocr_par' dir='ltr' id='par_1_6' title="bbox 182 2092 1320 3790">
     <span class='ocr_line' id='line_1_17' title="bbox 249 2092 1320 2204; baseline 0.006 -20"><span class='ocrx_word' id='word_1_107' title='bbox 249 2122 335 2186; x_wconf 89' lang='lat' dir='ltr'><strong>toris</strong></span> <span class='ocrx_word' id='word_1_108' title='bbox 361 2123 487 2198; x_wconf 79' lang='lat' dir='ltr'><strong>verbiS,</strong></span> <span class='ocrx_word' id='word_1_109' title='bbox 510 2123 638 2202; x_wconf 89' lang='lat' dir='ltr'><strong>partim</strong></span> <span class='ocrx_word' id='word_1_110' title='bbox 660 2125 758 2200; x_wconf 87' lang='lat' dir='ltr'><strong>meis,</strong></span> <span class='ocrx_word' id='word_1_111' title='bbox 784 2123 908 2204; x_wconf 87' lang='lat' dir='ltr'><strong>longas</strong></span> <span class='ocrx_word' id='word_1_112' title='bbox 934 2125 1136 2202; x_wconf 88' lang='lat' dir='ltr'><strong>sententias,</strong></span> <span class='ocrx_word' id='word_1_113' title='bbox 1159 2132 1200 2191; x_wconf 90' lang='lat' dir='ltr'><strong>ut</strong></span> <span class='ocrx_word' id='word_1_114' title='bbox 1211 2092 1320 2132; x_wconf 65' lang='lat' dir='ltr'><strong>cursam</strong></span> 
     </span>
     <span class='ocr_line' id='line_1_18' title="bbox 249 2217 1199 2307; baseline 0.005 -24"><span class='ocrx_word' id='word_1_115' title='bbox 249 2217 443 2299; x_wconf 84' lang='lat' dir='ltr'><strong>videbatur,</strong></span> <span class='ocrx_word' id='word_1_116' title='bbox 466 2221 692 2286; x_wconf 86' lang='lat' dir='ltr'><strong>abbrevians:</strong></span> <span class='ocrx_word' id='word_1_117' title='bbox 730 2223 832 2306; x_wconf 89' lang='lat' dir='ltr'><strong>cujus</strong></span> <span class='ocrx_word' id='word_1_118' title='bbox 860 2222 944 2287; x_wconf 80' lang='lat' dir='ltr'><strong>sacti</strong></span> <span class='ocrx_word' id='word_1_119' title='bbox 971 2244 1040 2287; x_wconf 90' lang='lat' dir='ltr'><strong>non</strong></span> <span class='ocrx_word' id='word_1_120' title='bbox 1069 2225 1199 2307; x_wconf 89' lang='lat' dir='ltr'><strong>injuste</strong></span> 
     </span>
     <span class='ocr_line' id='line_1_19' title="bbox 247 2320 1199 2403; baseline 0.004 -20"><span class='ocrx_word' id='word_1_121' title='bbox 247 2320 386 2383; x_wconf 78' lang='lat' dir='ltr'><strong>veniam</strong></span> <span class='ocrx_word' id='word_1_122' title='bbox 410 2321 579 2403; x_wconf 87' lang='lat' dir='ltr'><strong>paciscar,</strong></span> <span class='ocrx_word' id='word_1_123' title='bbox 607 2321 690 2403; x_wconf 91' lang='lat' dir='ltr'><strong>quia</strong></span> <span class='ocrx_word' id='word_1_124' title='bbox 715 2321 758 2384; x_wconf 88' lang='lat' dir='ltr'><strong>ad</strong></span> <span class='ocrx_word' id='word_1_125' title='bbox 783 2321 937 2386; x_wconf 82' lang='lat' dir='ltr'><strong>historiae</strong></span> <span class='ocrx_word' id='word_1_126' title='bbox 964 2323 1118 2386; x_wconf 89' lang='lat' dir='ltr'><strong>ordinem</strong></span> <span class='ocrx_word' id='word_1_127' title='bbox 1134 2323 1199 2387; x_wconf 90' lang='lat' dir='ltr'><strong>fes-</strong></span> 
     </span>
     <span class='ocr_line' id='line_1_20' title="bbox 248 2419 1197 2495; baseline 0.006 -15"><span class='ocrx_word' id='word_1_128' title='bbox 248 2419 439 2495; x_wconf 87' lang='lat' dir='ltr'><strong>tinantibus</strong></span> <span class='ocrx_word' id='word_1_129' title='bbox 456 2419 641 2484; x_wconf 88' lang='lat' dir='ltr'><strong>velocitate</strong></span> <span class='ocrx_word' id='word_1_130' title='bbox 663 2420 824 2484; x_wconf 88' lang='lat' dir='ltr'><strong>dictionis</strong></span> <span class='ocrx_word' id='word_1_131' title='bbox 846 2420 1094 2485; x_wconf 85' lang='lat' dir='ltr'><strong>consulendum</strong></span> <span class='ocrx_word' id='word_1_132' title='bbox 1112 2430 1197 2487; x_wconf 86' lang='lat' dir='ltr'><strong>erat.</strong></span> 
     </span>
     <span class='ocr_line' id='line_1_21' title="bbox 243 2513 1199 2586; baseline -0.002 0"><span class='ocrx_word' id='word_1_133' title='bbox 243 2516 361 2586; x_wconf 83' lang='lat' dir='ltr'><strong>Porro</strong></span> <span class='ocrx_word' id='word_1_134' title='bbox 386 2518 480 2582; x_wconf 88' lang='lat' dir='ltr'><strong>misit</strong></span> <span class='ocrx_word' id='word_1_135' title='bbox 505 2518 595 2581; x_wconf 89' lang='lat' dir='ltr'><strong>idem</strong></span> <span class='ocrx_word' id='word_1_136' title='bbox 621 2519 822 2583; x_wconf 88' lang='lat' dir='ltr'><strong>Bonifacius</strong></span> <span class='ocrx_word' id='word_1_137' title='bbox 842 2513 1054 2585; x_wconf 87' lang='lat' dir='ltr'><strong>¹Cuthberto</strong></span> <span class='ocrx_word' id='word_1_138' title='bbox 1068 2521 1199 2584; x_wconf 87' lang='lat' dir='ltr'><strong>archie-</strong></span> 
     </span>
     <span class='ocr_line' id='line_1_22' title="bbox 248 2617 1199 2703; baseline 0.003 -24"><span class='ocrx_word' id='word_1_139' title='bbox 248 2617 392 2699; x_wconf 91' lang='lat' dir='ltr'><strong>piscopo</strong></span> <span class='ocrx_word' id='word_1_140' title='bbox 408 2617 562 2701; x_wconf 87' lang='lat' dir='ltr'><strong>ejusdem</strong></span> <span class='ocrx_word' id='word_1_141' title='bbox 580 2619 710 2681; x_wconf 90' lang='lat' dir='ltr'><strong>tenoris</strong></span> <span class='ocrx_word' id='word_1_142' title='bbox 727 2619 922 2700; x_wconf 91' lang='lat' dir='ltr'><strong>epistolam,</strong></span> <span class='ocrx_word' id='word_1_143' title='bbox 940 2619 1004 2683; x_wconf 92' lang='lat' dir='ltr'><strong>hoc</strong></span> <span class='ocrx_word' id='word_1_144' title='bbox 1022 2620 1199 2703; x_wconf 90' lang='lat' dir='ltr'><strong>adjiciens,</strong></span> 
     </span>
     <span class='ocr_line' id='line_1_23' title="bbox 249 2717 1201 2794; baseline 0.003 -16"><span class='ocrx_word' id='word_1_145' title='bbox 249 2722 289 2779; x_wconf 92' lang='lat' dir='ltr'><strong>ut</strong></span> <span class='ocrx_word' id='word_1_146' title='bbox 317 2717 460 2779; x_wconf 90' lang='lat' dir='ltr'><strong>clericos</strong></span> <span class='ocrx_word' id='word_1_147' title='bbox 495 2722 530 2780; x_wconf 89' lang='lat' dir='ltr'><strong>et</strong></span> <span class='ocrx_word' id='word_1_148' title='bbox 572 2717 851 2794; x_wconf 89' lang='lat' dir='ltr'><strong>sanctimoniales</strong></span> <span class='ocrx_word' id='word_1_149' title='bbox 890 2718 932 2781; x_wconf 89' lang='lat' dir='ltr'><strong>de</strong></span> <span class='ocrx_word' id='word_1_150' title='bbox 964 2719 1134 2781; x_wconf 89' lang='lat' dir='ltr'><strong>tenuitate</strong></span> <span class='ocrx_word' id='word_1_151' title='bbox 1165 2727 1201 2782; x_wconf 94' lang='lat' dir='ltr'><strong>et</strong></span> 
     </span>
     <span class='ocr_line' id='line_1_24' title="bbox 249 2816 1200 2898; baseline 0 -19"><span class='ocrx_word' id='word_1_152' title='bbox 249 2835 376 2898; x_wconf 91' lang='lat' dir='ltr'><strong>pompa</strong></span> <span class='ocrx_word' id='word_1_153' title='bbox 404 2816 553 2882; x_wconf 90' lang='lat' dir='ltr'><strong>vestium</strong></span> <span class='ocrx_word' id='word_1_154' title='bbox 585 2823 758 2897; x_wconf 86' lang='lat' dir='ltr'><strong>argueret.</strong></span> <span class='ocrx_word' id='word_1_155' title='bbox 812 2816 999 2894; x_wconf 88' lang='lat' dir='ltr'><strong>Praeterea,</strong></span> <span class='ocrx_word' id='word_1_156' title='bbox 1030 2837 1072 2880; x_wconf 89' lang='lat' dir='ltr'><strong>ne</strong></span> <span class='ocrx_word' id='word_1_157' title='bbox 1095 2817 1200 2880; x_wconf 88' lang='lat' dir='ltr'><strong>mira-</strong></span> 
     </span>
     <span class='ocr_line' id='line_1_25' title="bbox 249 2915 1200 3000; baseline 0.004 -24"><span class='ocrx_word' id='word_1_158' title='bbox 249 2921 345 2978; x_wconf 88' lang='lat' dir='ltr'><strong>retur</strong></span> <span class='ocrx_word' id='word_1_159' title='bbox 370 2915 463 2998; x_wconf 91' lang='lat' dir='ltr'><strong>quod</strong></span> <span class='ocrx_word' id='word_1_160' title='bbox 489 2916 640 2978; x_wconf 87' lang='lat' dir='ltr'><strong>alienum</strong></span> <span class='ocrx_word' id='word_1_161' title='bbox 667 2915 844 2996; x_wconf 84' lang='lat' dir='ltr'><strong>negotium</strong></span> <span class='ocrx_word' id='word_1_162' title='bbox 872 2923 1002 3000; x_wconf 86' lang='lat' dir='ltr'><strong>ageret,</strong></span> <span class='ocrx_word' id='word_1_163' title='bbox 1031 2936 1110 2979; x_wconf 94' lang='lat' dir='ltr'><strong>cum</strong></span> <span class='ocrx_word' id='word_1_164' title='bbox 1135 2936 1200 2998; x_wconf 86' lang='lat' dir='ltr'><strong>sua</strong></span> 
     </span>
     <span class='ocr_line' id='line_1_26' title="bbox 201 3014 1200 3099; baseline 0.004 -23"><span class='ocrx_word' id='word_1_165' title='bbox 201 3055 203 3062; x_wconf 81' lang='lat'><em>·</em></span> <span class='ocrx_word' id='word_1_166' title='bbox 249 3014 334 3077; x_wconf 89' lang='lat' dir='ltr'><strong>nihil</strong></span> <span class='ocrx_word' id='word_1_167' title='bbox 374 3014 557 3078; x_wconf 89' lang='lat' dir='ltr'><strong>interesset</strong></span> <span class='ocrx_word' id='word_1_168' title='bbox 596 3015 769 3097; x_wconf 88' lang='lat' dir='ltr'><strong>quomodo</strong></span> <span class='ocrx_word' id='word_1_169' title='bbox 808 3023 843 3079; x_wconf 88' lang='lat' dir='ltr'><strong>et</strong></span> <span class='ocrx_word' id='word_1_170' title='bbox 883 3017 1009 3099; x_wconf 90' lang='lat' dir='ltr'><strong>quibus</strong></span> <span class='ocrx_word' id='word_1_171' title='bbox 1047 3016 1200 3080; x_wconf 89' lang='lat' dir='ltr'><strong>moribus</strong></span> 
     </span>
     <span class='ocr_line' id='line_1_27' title="bbox 248 3109 1200 3198; baseline 0.003 -21"><span class='ocrx_word' id='word_1_172' title='bbox 248 3109 444 3194; x_wconf 80' lang='lat' dir='ltr'><strong>Anglorum</strong></span> <span class='ocrx_word' id='word_1_173' title='bbox 473 3133 558 3195; x_wconf 88' lang='lat' dir='ltr'><strong>gens</strong></span> <span class='ocrx_word' id='word_1_174' title='bbox 588 3115 732 3192; x_wconf 88' lang='lat' dir='ltr'><strong>viveret,</strong></span> <span class='ocrx_word' id='word_1_175' title='bbox 768 3117 873 3198; x_wconf 82' lang='lat' dir='ltr'><strong>sciret</strong></span> <span class='ocrx_word' id='word_1_176' title='bbox 904 3135 941 3179; x_wconf 90' lang='lat' dir='ltr'><strong>se</strong></span> <span class='ocrx_word' id='word_1_177' title='bbox 975 3135 996 3178; x_wconf 91' lang='lat' dir='ltr'><strong>a</strong></span> <span class='ocrx_word' id='word_1_178' title='bbox 1028 3114 1200 3197; x_wconf 86' lang='lat' dir='ltr'><strong>Gregorio</strong></span> 
     </span>
     <span class='ocr_line' id='line_1_28' title="bbox 248 3213 1199 3295; baseline 0.003 -20"><span class='ocrx_word' id='word_1_179' title='bbox 248 3231 341 3295; x_wconf 92' lang='lat' dir='ltr'><strong>papa</strong></span> <span class='ocrx_word' id='word_1_180' title='bbox 365 3213 469 3276; x_wconf 84' lang='lat' dir='ltr'><strong>tertio</strong></span> <span class='ocrx_word' id='word_1_181' title='bbox 496 3221 712 3278; x_wconf 88' lang='lat' dir='ltr'><strong>sacramento</strong></span> <span class='ocrx_word' id='word_1_182' title='bbox 737 3215 918 3278; x_wconf 89' lang='lat' dir='ltr'><strong>astrictum</strong></span> <span class='ocrx_word' id='word_1_183' title='bbox 945 3235 988 3277; x_wconf 93' lang='lat' dir='ltr'><strong>ne</strong></span> <span class='ocrx_word' id='word_1_184' title='bbox 1016 3215 1199 3278; x_wconf 90' lang='lat' dir='ltr'><strong>contermi-</strong></span> 
     </span>
     <span class='ocr_line' id='line_1_29' title="bbox 242 3313 1201 3395; baseline 0.002 -21"><span class='ocrx_word' id='word_1_185' title='bbox 242 3330 372 3382; x_wconf 85' lang='lat' dir='ltr'><strong>narum</strong></span> <span class='ocrx_word' id='word_1_186' title='bbox 406 3313 561 3394; x_wconf 88' lang='lat' dir='ltr'><strong>gentium</strong></span> <span class='ocrx_word' id='word_1_187' title='bbox 592 3333 705 3376; x_wconf 91' lang='lat' dir='ltr'><strong>mores</strong></span> <span class='ocrx_word' id='word_1_188' title='bbox 732 3314 934 3395; x_wconf 88' lang='lat' dir='ltr'><strong>apostolicae</strong></span> <span class='ocrx_word' id='word_1_189' title='bbox 961 3313 1095 3377; x_wconf 85' lang='lat' dir='ltr'><strong>notitiae</strong></span> <span class='ocrx_word' id='word_1_190' title='bbox 1120 3314 1201 3377; x_wconf 85' lang='lat' dir='ltr'><strong>sub-</strong></span> 
     </span>
     <span class='ocr_line' id='line_1_30' title="bbox 247 3410 1200 3498; baseline 0.001 -26"><span class='ocrx_word' id='word_1_191' title='bbox 247 3410 420 3490; x_wconf 83' lang='lat' dir='ltr'><strong>traheret3</strong></span> <span class='ocrx_word' id='word_1_192' title='bbox 439 3419 662 3498; x_wconf 89' lang='lat' dir='ltr'><strong>quapropter,</strong></span> <span class='ocrx_word' id='word_1_193' title='bbox 671 3412 808 3475; x_wconf 91' lang='lat' dir='ltr'><strong>blandis</strong></span> <span class='ocrx_word' id='word_1_194' title='bbox 824 3412 1115 3474; x_wconf 91' lang='lat' dir='ltr'><strong>admonitionibus</strong></span> <span class='ocrx_word' id='word_1_195' title='bbox 1131 3432 1200 3474; x_wconf 91' lang='lat' dir='ltr'><strong>non</strong></span> 
     </span>
     <span class='ocr_line' id='line_1_31' title="bbox 182 3509 1201 3594; baseline 0 -20"><span class='ocrx_word' id='word_1_196' title='bbox 182 3523 187 3528; x_wconf 84' lang='lat'>&#39;</span> <span class='ocrx_word' id='word_1_197' title='bbox 249 3511 523 3588; x_wconf 89' lang='lat' dir='ltr'><strong>succedentibus,</strong></span> <span class='ocrx_word' id='word_1_198' title='bbox 558 3518 717 3575; x_wconf 89' lang='lat' dir='ltr'><strong>acturum</strong></span> <span class='ocrx_word' id='word_1_199' title='bbox 752 3530 790 3574; x_wconf 91' lang='lat' dir='ltr'><strong>se</strong></span> <span class='ocrx_word' id='word_1_200' title='bbox 816 3530 859 3572; x_wconf 91' lang='lat' dir='ltr'><strong>nc</strong></span> <span class='ocrx_word' id='word_1_201' title='bbox 888 3509 1086 3594; x_wconf 89' lang='lat' dir='ltr'><strong>hujusmodi</strong></span> <span class='ocrx_word' id='word_1_202' title='bbox 1114 3511 1201 3575; x_wconf 89' lang='lat' dir='ltr'><strong>vitia</strong></span> 
     </span>
     <span class='ocr_line' id='line_1_32' title="bbox 248 3609 1200 3692; baseline -0.001 -20"><span class='ocrx_word' id='word_1_203' title='bbox 248 3629 376 3692; x_wconf 90' lang='lat' dir='ltr'><strong>papam</strong></span> <span class='ocrx_word' id='word_1_204' title='bbox 407 3609 566 3674; x_wconf 88' lang='lat' dir='ltr'><strong>laterent.</strong></span> <span class='ocrx_word' id='word_1_205' title='bbox 635 3610 726 3674; x_wconf 88' lang='lat' dir='ltr'><strong>Sane</strong></span> <span class='ocrx_word' id='word_1_206' title='bbox 764 3609 806 3672; x_wconf 93' lang='lat' dir='ltr'><strong>de</strong></span> <span class='ocrx_word' id='word_1_207' title='bbox 844 3609 1013 3673; x_wconf 89' lang='lat' dir='ltr'><strong>tenuitate</strong></span> <span class='ocrx_word' id='word_1_208' title='bbox 1051 3610 1200 3672; x_wconf 89' lang='lat' dir='ltr'><strong>vestium</strong></span> 
     </span>
     <span class='ocr_line' id='line_1_33' title="bbox 248 3702 1201 3790; baseline -0.002 -16"><span class='ocrx_word' id='word_1_209' title='bbox 248 3708 460 3775; x_wconf 89' lang='lat' dir='ltr'><strong>clericalium</strong></span> <span class='ocrx_word' id='word_1_210' title='bbox 489 3702 687 3774; x_wconf 83' lang='lat' dir='ltr'><strong>²Alcwinus</strong></span> <span class='ocrx_word' id='word_1_211' title='bbox 720 3707 932 3772; x_wconf 84' lang='lat' dir='ltr'><strong>Adelardum</strong></span> <span class='ocrx_word' id='word_1_212' title='bbox 972 3708 1201 3790; x_wconf 88' lang='lat' dir='ltr'><strong>archiepisco·</strong></span> 
     </span>
    </p>
   </div>
   <div class='ocr_carea' id='block_1_5' title="bbox 247 3807 1200 3890">
    <p class='ocr_par' dir='ltr' id='par_1_7' title="bbox 247 3807 1200 3890">
     <span class='ocr_line' id='line_1_34' title="bbox 247 3807 1200 3890; baseline -0.001 -18"><span class='ocrx_word' id='word_1_213' title='bbox 247 3828 343 3890; x_wconf 92' lang='lat' dir='ltr'><strong>pum,</strong></span> <span class='ocrx_word' id='word_1_214' title='bbox 377 3827 612 3872; x_wconf 90' lang='lat' dir='ltr'><strong>successorem</strong></span> <span class='ocrx_word' id='word_1_215' title='bbox 639 3807 833 3886; x_wconf 85' lang='lat' dir='ltr'><strong>Cuthberti,</strong></span> <span class='ocrx_word' id='word_1_216' title='bbox 864 3808 1004 3890; x_wconf 92' lang='lat' dir='ltr'><strong>oblique</strong></span> <span class='ocrx_word' id='word_1_217' title='bbox 1038 3809 1200 3888; x_wconf 83' lang='lat' dir='ltr'><strong>castigat,</strong></span> 
     </span>
    </p>
   </div>
   <div class='ocr_carea' id='block_1_6' title="bbox 240 4046 1203 4322">
    <p class='ocr_par' dir='ltr' id='par_1_8' title="bbox 240 4046 1203 4322">
     <span class='ocr_line' id='line_1_35' title="bbox 283 4046 1201 4112; baseline -0.001 -15"><span class='ocrx_word' id='word_1_218' title='bbox 283 4046 292 4078; x_wconf 85' lang='lat'>¹</span> <span class='ocrx_word' id='word_1_219' title='bbox 306 4048 440 4097; x_wconf 78' lang='lat' dir='ltr'><strong>Catbbertc</strong></span> <span class='ocrx_word' id='word_1_220' title='bbox 450 4048 625 4112; x_wconf 75' lang='lat' dir='ltr'><strong>archiepiscopo</strong></span> <span class='ocrx_word' id='word_1_221' title='bbox 646 4086 652 4100; x_wconf 92' lang='lat'><strong>.</strong></span> <span class='ocrx_word' id='word_1_222' title='bbox 666 4085 672 4099; x_wconf 97' lang='lat'><strong>.</strong></span> <span class='ocrx_word' id='word_1_223' title='bbox 686 4085 693 4100; x_wconf 91' lang='lat'><strong>.</strong></span> <span class='ocrx_word' id='word_1_224' title='bbox 706 4085 713 4099; x_wconf 93' lang='lat'><strong>.</strong></span> <span class='ocrx_word' id='word_1_225' title='bbox 739 4051 789 4099; x_wconf 87' lang='lat' dir='ltr'><strong>vol.</strong></span> <span class='ocrx_word' id='word_1_226' title='bbox 802 4062 820 4098; x_wconf 93' lang='lat'><strong>1.</strong></span> <span class='ocrx_word' id='word_1_227' title='bbox 833 4064 859 4109; x_wconf 85' lang='lat' dir='ltr'><strong>p.</strong></span> <span class='ocrx_word' id='word_1_228' title='bbox 868 4053 917 4108; x_wconf 82' lang='lat'><strong>9⁰3</strong></span> <span class='ocrx_word' id='word_1_229' title='bbox 930 4047 1013 4096; x_wconf 87' lang='lat' dir='ltr'><strong>andin</strong></span> <span class='ocrx_word' id='word_1_230' title='bbox 1021 4046 1114 4108; x_wconf 90' lang='lat' dir='ltr'><strong>Spelm.</strong></span> <span class='ocrx_word' id='word_1_231' title='bbox 1124 4046 1201 4096; x_wconf 90' lang='lat' dir='ltr'><strong>Couc.</strong></span> 
     </span>
     <span class='ocr_line' id='line_1_36' title="bbox 243 4118 931 4182; baseline -0.001 -15"><span class='ocrx_word' id='word_1_232' title='bbox 243 4119 393 4182; x_wconf 70' lang='lat' dir='ltr'><strong>epistolum]</strong></span> <span class='ocrx_word' id='word_1_233' title='bbox 421 4119 475 4167; x_wconf 85' lang='lat' dir='ltr'><strong>The</strong></span> <span class='ocrx_word' id='word_1_234' title='bbox 494 4120 567 4167; x_wconf 78' lang='lat' dir='ltr'><strong>letter</strong></span> <span class='ocrx_word' id='word_1_235' title='bbox 585 4124 611 4167; x_wconf 92' lang='lat' dir='ltr'><strong>to</strong></span> <span class='ocrx_word' id='word_1_236' title='bbox 635 4118 715 4168; x_wconf 88' lang='lat' dir='ltr'><strong>Guth-</strong></span> <span class='ocrx_word' id='word_1_237' title='bbox 739 4120 789 4168; x_wconf 88' lang='lat' dir='ltr'><strong>vol.</strong></span> <span class='ocrx_word' id='word_1_238' title='bbox 801 4131 820 4166; x_wconf 89' lang='lat'><strong>1.</strong></span> <span class='ocrx_word' id='word_1_239' title='bbox 834 4131 861 4178; x_wconf 92' lang='lat' dir='ltr'><strong>p.</strong></span> <span class='ocrx_word' id='word_1_240' title='bbox 873 4121 931 4166; x_wconf 78' lang='lat'><strong>23⁷.</strong></span> 
     </span>
     <span class='ocr_line' id='line_1_37' title="bbox 245 4184 1203 4251; baseline -0.005 -13"><span class='ocrx_word' id='word_1_241' title='bbox 245 4190 311 4251; x_wconf 86' lang='lat' dir='ltr'><strong>bert,</strong></span> <span class='ocrx_word' id='word_1_242' title='bbox 329 4189 480 4250; x_wconf 87' lang='lat' dir='ltr'><strong>archbishop</strong></span> <span class='ocrx_word' id='word_1_243' title='bbox 499 4189 529 4236; x_wconf 87' lang='lat' dir='ltr'><strong>of</strong></span> <span class='ocrx_word' id='word_1_244' title='bbox 547 4189 715 4251; x_wconf 82' lang='lat' dir='ltr'><strong>Canterbury,</strong></span> <span class='ocrx_word' id='word_1_245' title='bbox 759 4185 941 4249; x_wconf 76' lang='lat' dir='ltr'><strong>&#39;²Alcwiaas.]</strong></span> <span class='ocrx_word' id='word_1_246' title='bbox 965 4187 1012 4234; x_wconf 89' lang='lat' dir='ltr'><strong>See</strong></span> <span class='ocrx_word' id='word_1_247' title='bbox 1030 4185 1133 4234; x_wconf 80' lang='lat' dir='ltr'><strong>Alcuin.</strong></span> <span class='ocrx_word' id='word_1_248' title='bbox 1151 4184 1203 4248; x_wconf 90' lang='lat' dir='ltr'><strong>Op.</strong></span> 
     </span>
     <span class='ocr_line' id='line_1_38' title="bbox 240 4254 1203 4322; baseline -0.001 -16"><span class='ocrx_word' id='word_1_249' title='bbox 240 4260 270 4308; x_wconf 82' lang='lat' dir='ltr'><strong>is</strong></span> <span class='ocrx_word' id='word_1_250' title='bbox 289 4259 390 4321; x_wconf 85' lang='lat' dir='ltr'><strong>printed</strong></span> <span class='ocrx_word' id='word_1_251' title='bbox 408 4259 434 4306; x_wconf 91' lang='lat' dir='ltr'><strong>in</strong></span> <span class='ocrx_word' id='word_1_252' title='bbox 445 4259 579 4308; x_wconf 86' lang='lat' dir='ltr'><strong>Wilkins’s</strong></span> <span class='ocrx_word' id='word_1_253' title='bbox 591 4258 715 4322; x_wconf 86' lang='lat' dir='ltr'><strong>Concilia,</strong></span> <span class='ocrx_word' id='word_1_254' title='bbox 739 4262 798 4306; x_wconf 87' lang='lat' dir='ltr'><strong>tom.</strong></span> <span class='ocrx_word' id='word_1_255' title='bbox 808 4270 826 4306; x_wconf 92' lang='lat'><strong>1.</strong></span> <span class='ocrx_word' id='word_1_256' title='bbox 835 4271 861 4318; x_wconf 91' lang='lat' dir='ltr'><strong>p.</strong></span> <span class='ocrx_word' id='word_1_257' title='bbox 871 4260 913 4319; x_wconf 73' lang='lat' dir='ltr'><strong>sl,</strong></span> <span class='ocrx_word' id='word_1_258' title='bbox 920 4257 995 4318; x_wconf 87' lang='lat' dir='ltr'><strong>epist.</strong></span> <span class='ocrx_word' id='word_1_259' title='bbox 1004 4269 1078 4318; x_wconf 76' lang='lat' dir='ltr'><strong>cxur,</strong></span> <span class='ocrx_word' id='word_1_260' title='bbox 1086 4259 1144 4304; x_wconf 88' lang='lat' dir='ltr'><strong>note</strong></span> <span class='ocrx_word' id='word_1_261' title='bbox 1153 4254 1203 4322; x_wconf 88' lang='lat' dir='ltr'><strong>(b).</strong></span> 
     </span>
    </p>
   </div>
   <div class='ocr_carea' id='block_1_7' title="bbox 1061 4353 1099 4398">
    <p class='ocr_par' dir='ltr' id='par_1_9' title="bbox 1061 4353 1099 4398">
     <span class='ocr_line' id='line_1_39' title="bbox 1061 4353 1099 4398; baseline -0.026 0"><span class='ocrx_word' id='word_1_262' title='bbox 1061 4353 1099 4398; x_wconf 76' lang='lat'><strong>12</strong></span> 
     </span>
    </p>
   </div>
   <div class='ocr_carea' id='block_1_8' title="bbox 0 0 1600 5060">
    <p class='ocr_par' dir='ltr' id='par_1_10' title="bbox 0 0 1600 5060">
     <span class='ocr_line' id='line_1_40' title="bbox 0 0 1600 5060; baseline 0 0"><span class='ocrx_word' id='word_1_263' title='bbox 0 0 1600 5060; x_wconf 95' lang='lat' dir='ltr'><strong> </strong></span> 
     </span>
    </p>
   </div>
  </div>
 </body>
</html>
