<?xml version="1.0" encoding="UTF-8"?>
<!DOCTYPE html PUBLIC "-//W3C//DTD XHTML 1.0 Transitional//EN"
    "http://www.w3.org/TR/xhtml1/DTD/xhtml1-transitional.dtd">
<html xmlns="http://www.w3.org/1999/xhtml" xml:lang="en" lang="en">
 <head>
  <title>
</title>
<meta http-equiv="Content-Type" content="text/html;charset=utf-8" />
  <meta name='ocr-system' content='tesseract 3.04.00' />
  <meta name='ocr-capabilities' content='ocr_page ocr_carea ocr_par ocr_line ocrx_word'/>
</head>
<body>
  <div class='ocr_page' id='page_1' title='image "./willelmimalmesb01hardgoog_0293.png"; bbox 0 0 3180 5048; ppageno 0'>
   <div class='ocr_carea' id='block_1_1' title="bbox 243 466 1194 547">
    <p class='ocr_par' dir='ltr' id='par_1_1' title="bbox 243 466 1194 547">
     <span class='ocr_line' id='line_1_1' title="bbox 243 466 1194 547; baseline 0.012 -18"><span class='ocrx_word' id='word_1_1' title='bbox 243 466 385 547; x_wconf 83' lang='lat' dir='ltr'>nru.11.]</span> <span class='ocrx_word' id='word_1_2' title='bbox 459 483 573 532; x_wconf 77' lang='lat' dir='ltr'>cusrn</span> <span class='ocrx_word' id='word_1_3' title='bbox 597 485 723 534; x_wconf 84' lang='lat' dir='ltr'>nncuu</span> <span class='ocrx_word' id='word_1_4' title='bbox 748 487 959 536; x_wconf 71' lang='lat' dir='ltr'>hunnorum.</span> <span class='ocrx_word' id='word_1_5' title='bbox 1127 476 1194 540; x_wconf 82' lang='lat'>279</span> 
     </span>
    </p>
   </div>
   <div class='ocr_carea' id='block_1_2' title="bbox 241 639 1192 926">
    <p class='ocr_par' dir='ltr' id='par_1_2' title="bbox 241 639 1192 926">
     <span class='ocr_line' id='line_1_2' title="bbox 241 639 1191 727; baseline 0.008 -25"><span class='ocrx_word' id='word_1_6' title='bbox 241 640 285 702; x_wconf 89' lang='lat' dir='ltr'>ab</span> <span class='ocrx_word' id='word_1_7' title='bbox 303 639 453 702; x_wconf 85' lang='lat' dir='ltr'>obsessis</span> <span class='ocrx_word' id='word_1_8' title='bbox 468 641 670 722; x_wconf 83' lang='lat' dir='ltr'>corporibus</span> <span class='ocrx_word' id='word_1_9' title='bbox 685 642 911 724; x_wconf 83' lang='lat' dir='ltr'>expellerent,</span> <span class='ocrx_word' id='word_1_10' title='bbox 926 647 1085 727; x_wconf 87' lang='lat' dir='ltr'>apposito</span> <span class='ocrx_word' id='word_1_11' title='bbox 1100 649 1191 710; x_wconf 89' lang='lat' dir='ltr'>nari-</span> 
     </span>
     <span class='ocr_line' id='line_1_3' title="bbox 241 739 1191 825; baseline 0.008 -23"><span class='ocrx_word' id='word_1_12' title='bbox 241 740 305 802; x_wconf 87' lang='lat' dir='ltr'>bus</span> <span class='ocrx_word' id='word_1_13' title='bbox 333 739 498 822; x_wconf 86' lang='lat' dir='ltr'>patientis</span> <span class='ocrx_word' id='word_1_14' title='bbox 531 740 661 804; x_wconf 89' lang='lat' dir='ltr'>annulo</span> <span class='ocrx_word' id='word_1_15' title='bbox 691 741 840 806; x_wconf 82' lang='lat' dir='ltr'>habente</span> <span class='ocrx_word' id='word_1_16' title='bbox 868 745 1021 825; x_wconf 91' lang='lat' dir='ltr'>sigillum</span> <span class='ocrx_word' id='word_1_17' title='bbox 1047 764 1069 808; x_wconf 89' lang='lat' dir='ltr'>a</span> <span class='ocrx_word' id='word_1_18' title='bbox 1092 745 1191 811; x_wconf 91' lang='lat' dir='ltr'>Salo-</span> 
     </span>
     <span class='ocr_line' id='line_1_4' title="bbox 241 841 1192 926; baseline 0.011 -26"><span class='ocrx_word' id='word_1_19' title='bbox 241 858 343 902; x_wconf 92' lang='lat' dir='ltr'>mone</span> <span class='ocrx_word' id='word_1_20' title='bbox 368 845 610 916; x_wconf 89' lang='lat' dir='ltr'>monstratum,</span> <span class='ocrx_word' id='word_1_21' title='bbox 635 841 750 918; x_wconf 89' lang='lat' dir='ltr'>credo,</span> <span class='ocrx_word' id='word_1_22' title='bbox 777 843 930 923; x_wconf 89' lang='lat' dir='ltr'>iuquam,</span> <span class='ocrx_word' id='word_1_23' title='bbox 958 844 1051 926; x_wconf 91' lang='lat' dir='ltr'>quod</span> <span class='ocrx_word' id='word_1_24' title='bbox 1075 853 1111 909; x_wconf 87' lang='lat' dir='ltr'>et</span> <span class='ocrx_word' id='word_1_25' title='bbox 1134 847 1192 910; x_wconf 87' lang='lat' dir='ltr'>isti</span> 
     </span>
    </p>
   </div>
   <div class='ocr_carea' id='block_1_3' title="bbox 241 937 1191 1121">
    <p class='ocr_par' dir='ltr' id='par_1_3' title="bbox 241 937 1191 1121">
     <span class='ocr_line' id='line_1_5' title="bbox 242 937 1191 1022; baseline 0.011 -22"><span class='ocrx_word' id='word_1_26' title='bbox 242 937 332 1002; x_wconf 88' lang='lat' dir='ltr'>hanc</span> <span class='ocrx_word' id='word_1_27' title='bbox 345 939 526 1002; x_wconf 89' lang='lat' dir='ltr'>scientiam</span> <span class='ocrx_word' id='word_1_28' title='bbox 541 938 625 1003; x_wconf 90' lang='lat' dir='ltr'>dare</span> <span class='ocrx_word' id='word_1_29' title='bbox 644 942 810 1022; x_wconf 88' lang='lat' dir='ltr'>potuerit,</span> <span class='ocrx_word' id='word_1_30' title='bbox 833 963 896 1008; x_wconf 89' lang='lat' dir='ltr'>uec</span> <span class='ocrx_word' id='word_1_31' title='bbox 919 951 1037 1008; x_wconf 89' lang='lat' dir='ltr'>tamen</span> <span class='ocrx_word' id='word_1_32' title='bbox 1060 944 1191 1010; x_wconf 89' lang='lat' dir='ltr'>affirmo</span> 
     </span>
     <span class='ocr_line' id='line_1_6' title="bbox 241 1037 489 1121; baseline -0.004 -20"><span class='ocrx_word' id='word_1_33' title='bbox 241 1037 334 1121; x_wconf 90' lang='lat' dir='ltr'>quod</span> <span class='ocrx_word' id='word_1_34' title='bbox 348 1037 489 1102; x_wconf 88' lang='lat' dir='ltr'>dederit.</span> 
     </span>
    </p>
   </div>
   <div class='ocr_carea' id='block_1_4' title="bbox 315 1191 1112 1402">
    <p class='ocr_par' dir='ltr' id='par_1_4' title="bbox 315 1191 1112 1402">
     <span class='ocr_line' id='line_1_7' title="bbox 315 1191 1112 1290; baseline 0.001 -13"><span class='ocrx_word' id='word_1_35' title='bbox 315 1191 489 1289; x_wconf 79' lang='lat' dir='ltr'>Quoucuo</span> <span class='ocrx_word' id='word_1_36' title='bbox 512 1231 655 1290; x_wconf 76' lang='lat' dir='ltr'>ournxu</span> <span class='ocrx_word' id='word_1_37' title='bbox 682 1230 896 1279; x_wconf 73' lang='lat' dir='ltr'>rnnsnunos</span> <span class='ocrx_word' id='word_1_38' title='bbox 919 1198 1112 1282; x_wconf 75' lang='lat' dir='ltr'>ocrovmru</span> 
     </span>
     <span class='ocr_line' id='line_1_8' title="bbox 581 1303 1103 1402; baseline 0.002 -24"><span class='ocrx_word' id='word_1_39' title='bbox 581 1329 836 1389; x_wconf 77' lang='lat' dir='ltr'>Qumsrnnuxr.</span> <span class='ocrx_word' id='word_1_40' title='bbox 863 1397 864 1402; x_wconf 5' lang='grc' dir='ltr'>ἵ</span> <span class='ocrx_word' id='word_1_41' title='bbox 1101 1303 1103 1306; x_wconf 65' lang='grc'><strong>’</strong></span> 
     </span>
    </p>
   </div>
   <div class='ocr_carea' id='block_1_5' title="bbox 233 1437 1314 4002">
    <p class='ocr_par' dir='ltr' id='par_1_5' title="bbox 233 1437 1314 4002">
     <span class='ocr_line' id='line_1_9' title="bbox 291 1437 1314 1522; baseline 0.004 -22"><span class='ocrx_word' id='word_1_42' title='bbox 291 1437 309 1520; x_wconf 79' lang='lat'>§</span> <span class='ocrx_word' id='word_1_43' title='bbox 325 1437 400 1501; x_wconf 84' lang='lat'><strong>170.</strong></span> <span class='ocrx_word' id='word_1_44' title='bbox 427 1437 495 1501; x_wconf 89' lang='lat' dir='ltr'>Sed</span> <span class='ocrx_word' id='word_1_45' title='bbox 510 1437 585 1502; x_wconf 89' lang='lat' dir='ltr'>haec</span> <span class='ocrx_word' id='word_1_46' title='bbox 598 1437 739 1501; x_wconf 90' lang='lat' dir='ltr'>lecturis</span> <span class='ocrx_word' id='word_1_47' title='bbox 750 1438 959 1521; x_wconf 89' lang='lat' dir='ltr'>relinquens,</span> <span class='ocrx_word' id='word_1_48' title='bbox 972 1437 1085 1504; x_wconf 89' lang='lat' dir='ltr'>dicam</span> <span class='ocrx_word' id='word_1_49' title='bbox 1097 1440 1189 1522; x_wconf 91' lang='lat' dir='ltr'>quod</span> <span class='ocrx_word' id='word_1_50' title='bbox 1203 1463 1314 1514; x_wconf 59' lang='lat' dir='ltr'>amena.</span> 
     </span>
     <span class='ocr_line' id='line_1_10' title="bbox 239 1536 1189 1621; baseline 0.001 -20"><span class='ocrx_word' id='word_1_51' title='bbox 239 1557 262 1601; x_wconf 88' lang='lat' dir='ltr'>a</span> <span class='ocrx_word' id='word_1_52' title='bbox 276 1537 425 1620; x_wconf 91' lang='lat' dir='ltr'>quodam</span> <span class='ocrx_word' id='word_1_53' title='bbox 439 1537 506 1602; x_wconf 89' lang='lat' dir='ltr'>loci</span> <span class='ocrx_word' id='word_1_54' title='bbox 518 1537 628 1602; x_wconf 87' lang='lat' dir='ltr'>nostri</span> <span class='ocrx_word' id='word_1_55' title='bbox 638 1537 819 1614; x_wconf 90' lang='lat' dir='ltr'>monacho,</span> <span class='ocrx_word' id='word_1_56' title='bbox 831 1558 956 1619; x_wconf 84' lang='lat' dir='ltr'>genere</span> <span class='ocrx_word' id='word_1_57' title='bbox 966 1536 1189 1621; x_wconf 86' lang='lat' dir='ltr'>Aquitanico,</span> 
     </span>
     <span class='ocr_line' id='line_1_11' title="bbox 240 1637 1189 1720; baseline 0.001 -19"><span class='ocrx_word' id='word_1_58' title='bbox 240 1643 344 1701; x_wconf 87' lang='lat' dir='ltr'>aetate</span> <span class='ocrx_word' id='word_1_59' title='bbox 360 1645 536 1719; x_wconf 91' lang='lat' dir='ltr'>provecto,</span> <span class='ocrx_word' id='word_1_60' title='bbox 554 1643 630 1701; x_wconf 87' lang='lat' dir='ltr'>arte</span> <span class='ocrx_word' id='word_1_61' title='bbox 653 1637 797 1714; x_wconf 91' lang='lat' dir='ltr'>medico,</span> <span class='ocrx_word' id='word_1_62' title='bbox 820 1638 858 1701; x_wconf 90' lang='lat' dir='ltr'>in</span> <span class='ocrx_word' id='word_1_63' title='bbox 881 1637 1030 1720; x_wconf 89' lang='lat' dir='ltr'>pucritia</span> <span class='ocrx_word' id='word_1_64' title='bbox 1051 1639 1189 1703; x_wconf 83' lang='lat' dir='ltr'>audisse</span> 
     </span>
     <span class='ocr_line' id='line_1_12' title="bbox 240 1735 1190 1820; baseline 0.003 -21"><span class='ocrx_word' id='word_1_65' title='bbox 240 1757 295 1800; x_wconf 91' lang='lat' dir='ltr'>me</span> <span class='ocrx_word' id='word_1_66' title='bbox 310 1736 461 1802; x_wconf 89' lang='lat' dir='ltr'>memini.</span> <span class='ocrx_word' id='word_1_67' title='bbox 514 1742 523 1770; x_wconf 91' lang='lat'>‘</span> <span class='ocrx_word' id='word_1_68' title='bbox 541 1736 641 1816; x_wconf 92' lang='lat' dir='ltr'>Ego,&#39;</span> <span class='ocrx_word' id='word_1_69' title='bbox 655 1735 782 1813; x_wconf 88' lang='lat' dir='ltr'>aiebat,</span> <span class='ocrx_word' id='word_1_70' title='bbox 798 1742 808 1772; x_wconf 88' lang='lat'>‘</span> <span class='ocrx_word' id='word_1_71' title='bbox 824 1738 1012 1820; x_wconf 89' lang='lat' dir='ltr'>septennis,</span> <span class='ocrx_word' id='word_1_72' title='bbox 1026 1737 1190 1819; x_wconf 88' lang='lat' dir='ltr'>despecta</span> 
     </span>
     <span class='ocr_line' id='line_1_13' title="bbox 238 1836 1188 1918; baseline 0.001 -18"><span class='ocrx_word' id='word_1_73' title='bbox 238 1837 395 1901; x_wconf 87' lang='lat' dir='ltr'>exilitate</span> <span class='ocrx_word' id='word_1_74' title='bbox 410 1837 520 1918; x_wconf 87' lang='lat' dir='ltr'>patris</span> <span class='ocrx_word' id='word_1_75' title='bbox 537 1837 616 1912; x_wconf 90' lang='lat' dir='ltr'>mci,</span> <span class='ocrx_word' id='word_1_76' title='bbox 633 1836 816 1918; x_wconf 90' lang='lat' dir='ltr'>municipis</span> <span class='ocrx_word' id='word_1_77' title='bbox 838 1837 1105 1904; x_wconf 83' lang='lat' dir='ltr'>Barcinonensis</span> <span class='ocrx_word' id='word_1_78' title='bbox 1128 1838 1188 1902; x_wconf 92' lang='lat' dir='ltr'>ad-</span> 
     </span>
     <span class='ocr_line' id='line_1_14' title="bbox 239 1935 1189 2019; baseline 0.003 -21"><span class='ocrx_word' id='word_1_79' title='bbox 239 1935 378 2000; x_wconf 90' lang='lat' dir='ltr'>modum</span> <span class='ocrx_word' id='word_1_80' title='bbox 407 1935 533 2013; x_wconf 91' lang='lat' dir='ltr'>tenuis,</span> <span class='ocrx_word' id='word_1_81' title='bbox 562 1935 808 2002; x_wconf 89' lang='lat' dir='ltr'>transcendens</span> <span class='ocrx_word' id='word_1_82' title='bbox 846 1936 943 2000; x_wconf 87' lang='lat' dir='ltr'>nives</span> <span class='ocrx_word' id='word_1_83' title='bbox 970 1935 1130 2019; x_wconf 90' lang='lat' dir='ltr'>Alpinas,</span> <span class='ocrx_word' id='word_1_84' title='bbox 1153 1939 1189 2001; x_wconf 88' lang='lat' dir='ltr'>in</span> 
     </span>
     <span class='ocr_line' id='line_1_15' title="bbox 241 2034 1188 2117; baseline 0.004 -19"><span class='ocrx_word' id='word_1_85' title='bbox 241 2035 381 2100; x_wconf 89' lang='lat' dir='ltr'>Italiam</span> <span class='ocrx_word' id='word_1_86' title='bbox 397 2035 487 2100; x_wconf 89' lang='lat' dir='ltr'>veni.</span> <span class='ocrx_word' id='word_1_87' title='bbox 540 2035 607 2112; x_wconf 91' lang='lat' dir='ltr'>Ibi,</span> <span class='ocrx_word' id='word_1_88' title='bbox 625 2042 665 2099; x_wconf 88' lang='lat' dir='ltr'>ut</span> <span class='ocrx_word' id='word_1_89' title='bbox 681 2035 716 2099; x_wconf 90' lang='lat' dir='ltr'>id</span> <span class='ocrx_word' id='word_1_90' title='bbox 732 2034 847 2100; x_wconf 88' lang='lat' dir='ltr'>aetatis</span> <span class='ocrx_word' id='word_1_91' title='bbox 862 2036 974 2117; x_wconf 91' lang='lat' dir='ltr'>pusio,</span> <span class='ocrx_word' id='word_1_92' title='bbox 987 2055 1122 2104; x_wconf 87' lang='lat' dir='ltr'>summa</span> <span class='ocrx_word' id='word_1_93' title='bbox 1134 2038 1188 2102; x_wconf 93' lang='lat' dir='ltr'>in·</span> 
     </span>
     <span class='ocr_line' id='line_1_16' title="bbox 239 2135 1188 2219; baseline 0 -20"><span class='ocrx_word' id='word_1_94' title='bbox 239 2135 320 2218; x_wconf 89' lang='lat' dir='ltr'>cpia</span> <span class='ocrx_word' id='word_1_95' title='bbox 349 2135 479 2200; x_wconf 83' lang='lat' dir='ltr'>victum</span> <span class='ocrx_word' id='word_1_96' title='bbox 506 2135 708 2218; x_wconf 63' lang='lat' dir='ltr'>quaeritans</span> <span class='ocrx_word' id='word_1_97' title='bbox 736 2135 913 2217; x_wconf 83' lang='lat' dir='ltr'>ingenium</span> <span class='ocrx_word' id='word_1_98' title='bbox 940 2136 1188 2219; x_wconf 87' lang='lat' dir='ltr'>potiusquam</span> 
     </span>
     <span class='ocr_line' id='line_1_17' title="bbox 239 2228 1187 2300; baseline 0.001 -1"><span class='ocrx_word' id='word_1_99' title='bbox 239 2242 394 2299; x_wconf 86' lang='lat' dir='ltr'>ventrem</span> <span class='ocrx_word' id='word_1_100' title='bbox 410 2235 510 2300; x_wconf 89' lang='lat' dir='ltr'>colui.</span> <span class='ocrx_word' id='word_1_101' title='bbox 550 2228 714 2300; x_wconf 90' lang='lat' dir='ltr'>¹Adultus</span> <span class='ocrx_word' id='word_1_102' title='bbox 731 2236 842 2300; x_wconf 89' lang='lat' dir='ltr'>multa</span> <span class='ocrx_word' id='word_1_103' title='bbox 855 2235 949 2299; x_wconf 90' lang='lat' dir='ltr'>illius</span> <span class='ocrx_word' id='word_1_104' title='bbox 966 2242 1068 2300; x_wconf 81' lang='lat' dir='ltr'>terrae</span> <span class='ocrx_word' id='word_1_105' title='bbox 1084 2237 1187 2300; x_wconf 90' lang='lat' dir='ltr'>mira-</span> 
     </span>
     <span class='ocr_line' id='line_1_18' title="bbox 239 2329 1188 2411; baseline 0.002 -13"><span class='ocrx_word' id='word_1_106' title='bbox 239 2335 318 2398; x_wconf 90' lang='lat' dir='ltr'>cula</span> <span class='ocrx_word' id='word_1_107' title='bbox 340 2336 449 2399; x_wconf 89' lang='lat' dir='ltr'>oculis</span> <span class='ocrx_word' id='word_1_108' title='bbox 474 2329 603 2411; x_wconf 82' lang='lat' dir='ltr'>²hausi,</span> <span class='ocrx_word' id='word_1_109' title='bbox 626 2341 663 2398; x_wconf 90' lang='lat' dir='ltr'>et</span> <span class='ocrx_word' id='word_1_110' title='bbox 686 2336 859 2398; x_wconf 87' lang='lat' dir='ltr'>memoriae</span> <span class='ocrx_word' id='word_1_111' title='bbox 887 2336 1070 2400; x_wconf 80' lang='lat' dir='ltr'>mandavi:</span> <span class='ocrx_word' id='word_1_112' title='bbox 1096 2337 1188 2401; x_wconf 90' lang='lat' dir='ltr'>inter</span> 
     </span>
     <span class='ocr_line' id='line_1_19' title="bbox 239 2434 1187 2516; baseline 0.004 -18"><span class='ocrx_word' id='word_1_113' title='bbox 239 2454 317 2516; x_wconf 86' lang='lat' dir='ltr'>quae</span> <span class='ocrx_word' id='word_1_114' title='bbox 335 2435 407 2498; x_wconf 89' lang='lat' dir='ltr'>vidi</span> <span class='ocrx_word' id='word_1_115' title='bbox 428 2441 579 2500; x_wconf 90' lang='lat' dir='ltr'>montem</span> <span class='ocrx_word' id='word_1_116' title='bbox 594 2434 817 2516; x_wconf 81' lang='lat' dir='ltr'>perforatum,</span> <span class='ocrx_word' id='word_1_117' title='bbox 833 2435 925 2498; x_wconf 88' lang='lat' dir='ltr'>ultra</span> <span class='ocrx_word' id='word_1_118' title='bbox 939 2454 1041 2516; x_wconf 91' lang='lat' dir='ltr'>quem</span> <span class='ocrx_word' id='word_1_119' title='bbox 1058 2436 1187 2502; x_wconf 82' lang='lat' dir='ltr'>accolae</span> 
     </span>
     <span class='ocr_line' id='line_1_20' title="bbox 238 2533 1186 2616; baseline 0.003 -20"><span class='ocrx_word' id='word_1_120' title='bbox 238 2534 283 2597; x_wconf 88' lang='lat' dir='ltr'>ab</span> <span class='ocrx_word' id='word_1_121' title='bbox 309 2535 452 2616; x_wconf 91' lang='lat' dir='ltr'>antiquo</span> <span class='ocrx_word' id='word_1_122' title='bbox 476 2534 696 2600; x_wconf 84' lang='lat' dir='ltr'>aestimabant</span> <span class='ocrx_word' id='word_1_123' title='bbox 720 2533 901 2598; x_wconf 85' lang='lat' dir='ltr'>thesauros</span> <span class='ocrx_word' id='word_1_124' title='bbox 925 2533 1110 2598; x_wconf 87' lang='lat' dir='ltr'>Octcviaui</span> <span class='ocrx_word' id='word_1_125' title='bbox 1132 2556 1186 2599; x_wconf 88' lang='lat' dir='ltr'>re·</span> 
     </span>
     <span class='ocr_line' id='line_1_21' title="bbox 238 2633 1186 2698; baseline 0.001 -2"><span class='ocrx_word' id='word_1_126' title='bbox 238 2633 406 2697; x_wconf 89' lang='lat' dir='ltr'>conditos.</span> <span class='ocrx_word' id='word_1_127' title='bbox 461 2634 676 2698; x_wconf 89' lang='lat' dir='ltr'>Ferebantur</span> <span class='ocrx_word' id='word_1_128' title='bbox 697 2635 801 2697; x_wconf 89' lang='lat' dir='ltr'>ctiam</span> <span class='ocrx_word' id='word_1_129' title='bbox 826 2633 926 2698; x_wconf 89' lang='lat' dir='ltr'>multi</span> <span class='ocrx_word' id='word_1_130' title='bbox 959 2653 1065 2697; x_wconf 89' lang='lat' dir='ltr'>cansa</span> <span class='ocrx_word' id='word_1_131' title='bbox 1090 2653 1186 2697; x_wconf 87' lang='lat' dir='ltr'>scru-</span> 
     </span>
     <span class='ocr_line' id='line_1_22' title="bbox 234 2732 1184 2815; baseline -0.002 -17"><span class='ocrx_word' id='word_1_132' title='bbox 234 2734 331 2798; x_wconf 89' lang='lat' dir='ltr'>tandi</span> <span class='ocrx_word' id='word_1_133' title='bbox 355 2734 504 2815; x_wconf 88' lang='lat' dir='ltr'>ingressi</span> <span class='ocrx_word' id='word_1_134' title='bbox 529 2753 591 2815; x_wconf 91' lang='lat' dir='ltr'>per</span> <span class='ocrx_word' id='word_1_135' title='bbox 608 2732 796 2810; x_wconf 89' lang='lat' dir='ltr'>anfractus,</span> <span class='ocrx_word' id='word_1_136' title='bbox 825 2740 861 2796; x_wconf 89' lang='lat' dir='ltr'>et</span> <span class='ocrx_word' id='word_1_137' title='bbox 888 2739 1036 2796; x_wconf 88' lang='lat' dir='ltr'>semetra</span> <span class='ocrx_word' id='word_1_138' title='bbox 1050 2733 1184 2797; x_wconf 90' lang='lat' dir='ltr'>viarum</span> 
     </span>
     <span class='ocr_line' id='line_1_23' title="bbox 236 2832 1186 2916; baseline 0.001 -21"><span class='ocrx_word' id='word_1_139' title='bbox 236 2833 419 2916; x_wconf 86' lang='lat' dir='ltr'>intercepti</span> <span class='ocrx_word' id='word_1_140' title='bbox 443 2833 585 2915; x_wconf 90' lang='lat' dir='ltr'>perisse.</span> <span class='ocrx_word' id='word_1_141' title='bbox 637 2832 717 2909; x_wconf 90' lang='lat' dir='ltr'>Sed,</span> <span class='ocrx_word' id='word_1_142' title='bbox 744 2832 826 2914; x_wconf 87' lang='lat' dir='ltr'>quia</span> <span class='ocrx_word' id='word_1_143' title='bbox 847 2833 962 2898; x_wconf 89' lang='lat' dir='ltr'>nullus</span> <span class='ocrx_word' id='word_1_144' title='bbox 988 2832 1059 2895; x_wconf 87' lang='lat' dir='ltr'>fere</span> <span class='ocrx_word' id='word_1_145' title='bbox 1082 2832 1186 2897; x_wconf 89' lang='lat' dir='ltr'>timor</span> 
     </span>
     <span class='ocr_line' id='line_1_24' title="bbox 236 2933 1185 3014; baseline 0.003 -20"><span class='ocrx_word' id='word_1_146' title='bbox 236 2933 357 2996; x_wconf 90' lang='lat' dir='ltr'>avidas</span> <span class='ocrx_word' id='word_1_147' title='bbox 372 2940 505 2998; x_wconf 87' lang='lat' dir='ltr'>mentes</span> <span class='ocrx_word' id='word_1_148' title='bbox 524 2933 568 2996; x_wconf 92' lang='lat' dir='ltr'>ab</span> <span class='ocrx_word' id='word_1_149' title='bbox 589 2933 743 3014; x_wconf 89' lang='lat' dir='ltr'>incoepto</span> <span class='ocrx_word' id='word_1_150' title='bbox 765 2938 917 3009; x_wconf 89' lang='lat' dir='ltr'>revocat,</span> <span class='ocrx_word' id='word_1_151' title='bbox 940 2951 1005 3013; x_wconf 91' lang='lat' dir='ltr'>ego</span> <span class='ocrx_word' id='word_1_152' title='bbox 1029 2951 1107 2996; x_wconf 90' lang='lat' dir='ltr'>cum</span> <span class='ocrx_word' id='word_1_153' title='bbox 1129 2952 1185 2997; x_wconf 91' lang='lat' dir='ltr'>so·</span> 
     </span>
     <span class='ocr_line' id='line_1_25' title="bbox 236 3031 1186 3114; baseline 0 -20"><span class='ocrx_word' id='word_1_154' title='bbox 236 3031 370 3102; x_wconf 88' lang='lat' dir='ltr'>dalibus</span> <span class='ocrx_word' id='word_1_155' title='bbox 381 3033 478 3110; x_wconf 89' lang='lat' dir='ltr'>meis,</span> <span class='ocrx_word' id='word_1_156' title='bbox 490 3033 574 3096; x_wconf 88' lang='lat' dir='ltr'>viris</span> <span class='ocrx_word' id='word_1_157' title='bbox 587 3032 723 3095; x_wconf 84' lang='lat' dir='ltr'>circiter</span> <span class='ocrx_word' id='word_1_158' title='bbox 733 3031 924 3109; x_wconf 90' lang='lat' dir='ltr'>duodecim,</span> <span class='ocrx_word' id='word_1_159' title='bbox 935 3051 995 3095; x_wconf 90' lang='lat' dir='ltr'>seu</span> <span class='ocrx_word' id='word_1_160' title='bbox 1006 3032 1186 3114; x_wconf 87' lang='lat' dir='ltr'>praedandi</span> 
     </span>
     <span class='ocr_line' id='line_1_26' title="bbox 236 3131 1184 3214; baseline 0.002 -20"><span class='ocrx_word' id='word_1_161' title='bbox 236 3151 298 3195; x_wconf 89' lang='lat' dir='ltr'>seu</span> <span class='ocrx_word' id='word_1_162' title='bbox 314 3132 453 3196; x_wconf 87' lang='lat' dir='ltr'>videndi</span> <span class='ocrx_word' id='word_1_163' title='bbox 477 3132 605 3208; x_wconf 89' lang='lat' dir='ltr'>studio,</span> <span class='ocrx_word' id='word_1_164' title='bbox 628 3132 713 3196; x_wconf 92' lang='lat' dir='ltr'>illud</span> <span class='ocrx_word' id='word_1_165' title='bbox 736 3132 803 3195; x_wconf 83' lang='lat' dir='ltr'>iter</span> <span class='ocrx_word' id='word_1_166' title='bbox 824 3131 1016 3195; x_wconf 90' lang='lat' dir='ltr'>meditabar</span> <span class='ocrx_word' id='word_1_167' title='bbox 1028 3132 1184 3214; x_wconf 88' lang='lat' dir='ltr'>aggredi.</span> 
     </span>
     <span class='ocr_line' id='line_1_27' title="bbox 237 3231 1184 3314; baseline 0 -18"><span class='ocrx_word' id='word_1_168' title='bbox 237 3231 362 3314; x_wconf 90' lang='lat' dir='ltr'>Itaque</span> <span class='ocrx_word' id='word_1_169' title='bbox 386 3231 525 3295; x_wconf 85' lang='lat' dir='ltr'>Daedali</span> <span class='ocrx_word' id='word_1_170' title='bbox 540 3232 650 3295; x_wconf 88' lang='lat' dir='ltr'>secuti</span> <span class='ocrx_word' id='word_1_171' title='bbox 671 3231 859 3312; x_wconf 84' lang='lat' dir='ltr'>ingenium,</span> <span class='ocrx_word' id='word_1_172' title='bbox 880 3232 939 3313; x_wconf 92' lang='lat' dir='ltr'>qui</span> <span class='ocrx_word' id='word_1_173' title='bbox 956 3231 1129 3294; x_wconf 88' lang='lat' dir='ltr'>Theseum</span> <span class='ocrx_word' id='word_1_174' title='bbox 1142 3232 1184 3296; x_wconf 93' lang='lat' dir='ltr'>de</span> 
     </span>
     <span class='ocr_line' id='line_1_28' title="bbox 236 3330 1184 3416; baseline 0.002 -24"><span class='ocrx_word' id='word_1_175' title='bbox 236 3330 433 3416; x_wconf 82' lang='lat' dir='ltr'>labyrintho</span> <span class='ocrx_word' id='word_1_176' title='bbox 448 3330 507 3394; x_wconf 89' lang='lat' dir='ltr'>iilo</span> <span class='ocrx_word' id='word_1_177' title='bbox 523 3331 644 3395; x_wconf 82' lang='lat' dir='ltr'>eduxit</span> <span class='ocrx_word' id='word_1_178' title='bbox 654 3331 797 3412; x_wconf 84' lang='lat' dir='ltr'>praevio,</span> <span class='ocrx_word' id='word_1_179' title='bbox 813 3349 876 3394; x_wconf 90' lang='lat' dir='ltr'>nos</span> <span class='ocrx_word' id='word_1_180' title='bbox 897 3350 1033 3412; x_wconf 91' lang='lat' dir='ltr'>qnoque</span> <span class='ocrx_word' id='word_1_181' title='bbox 1048 3331 1184 3412; x_wconf 89' lang='lat' dir='ltr'>glomus</span> 
     </span>
     <span class='ocr_line' id='line_1_29' title="bbox 235 3428 1183 3512; baseline 0.002 -20"><span class='ocrx_word' id='word_1_182' title='bbox 235 3430 358 3511; x_wconf 91' lang='lat' dir='ltr'>ingens</span> <span class='ocrx_word' id='word_1_183' title='bbox 379 3438 559 3512; x_wconf 88' lang='lat' dir='ltr'>portantes</span> <span class='ocrx_word' id='word_1_184' title='bbox 590 3430 759 3512; x_wconf 88' lang='lat' dir='ltr'>paxillum</span> <span class='ocrx_word' id='word_1_185' title='bbox 784 3430 821 3491; x_wconf 90' lang='lat' dir='ltr'>in</span> <span class='ocrx_word' id='word_1_186' title='bbox 845 3429 989 3492; x_wconf 89' lang='lat' dir='ltr'>introitu</span> <span class='ocrx_word' id='word_1_187' title='bbox 1020 3428 1183 3494; x_wconf 88' lang='lat' dir='ltr'>fiximus:</span> 
     </span>
     <span class='ocr_line' id='line_1_30' title="bbox 233 3528 1186 3612; baseline 0 -20"><span class='ocrx_word' id='word_1_188' title='bbox 233 3529 283 3593; x_wconf 92' lang='lat' dir='ltr'>ibi</span> <span class='ocrx_word' id='word_1_189' title='bbox 296 3531 464 3612; x_wconf 92' lang='lat' dir='ltr'>principio</span> <span class='ocrx_word' id='word_1_190' title='bbox 480 3530 530 3594; x_wconf 92' lang='lat' dir='ltr'>fili</span> <span class='ocrx_word' id='word_1_191' title='bbox 542 3530 664 3611; x_wconf 89' lang='lat' dir='ltr'>ligato,</span> <span class='ocrx_word' id='word_1_192' title='bbox 678 3528 831 3592; x_wconf 88' lang='lat' dir='ltr'>accensis</span> <span class='ocrx_word' id='word_1_193' title='bbox 845 3528 987 3592; x_wconf 90' lang='lat' dir='ltr'>laternis</span> <span class='ocrx_word' id='word_1_194' title='bbox 1001 3548 1045 3590; x_wconf 89' lang='lat' dir='ltr'>ue</span> <span class='ocrx_word' id='word_1_195' title='bbox 1058 3541 1186 3610; x_wconf 87' lang='lat' dir='ltr'>praeter</span> 
     </span>
     <span class='ocr_line' id='line_1_31' title="bbox 234 3627 1183 3712; baseline 0 -20"><span class='ocrx_word' id='word_1_196' title='bbox 234 3629 335 3693; x_wconf 88' lang='lat' dir='ltr'>devia</span> <span class='ocrx_word' id='word_1_197' title='bbox 351 3631 455 3694; x_wconf 88' lang='lat' dir='ltr'>etiam</span> <span class='ocrx_word' id='word_1_198' title='bbox 473 3630 630 3694; x_wconf 82' lang='lat' dir='ltr'>caecitate</span> <span class='ocrx_word' id='word_1_199' title='bbox 652 3628 906 3712; x_wconf 88' lang='lat' dir='ltr'>impediremur,</span> <span class='ocrx_word' id='word_1_200' title='bbox 929 3627 1093 3691; x_wconf 86' lang='lat' dir='ltr'>devoluto</span> <span class='ocrx_word' id='word_1_201' title='bbox 1108 3627 1183 3708; x_wconf 91' lang='lat' dir='ltr'>glo·</span> 
     </span>
     <span class='ocr_line' id='line_1_32' title="bbox 235 3727 1185 3812; baseline 0.001 -21"><span class='ocrx_word' id='word_1_202' title='bbox 235 3749 340 3806; x_wconf 87' lang='lat' dir='ltr'>mere,</span> <span class='ocrx_word' id='word_1_203' title='bbox 374 3736 409 3794; x_wconf 89' lang='lat' dir='ltr'>et</span> <span class='ocrx_word' id='word_1_204' title='bbox 434 3749 497 3812; x_wconf 91' lang='lat' dir='ltr'>per</span> <span class='ocrx_word' id='word_1_205' title='bbox 519 3729 787 3810; x_wconf 89' lang='lat' dir='ltr'>unumquodque</span> <span class='ocrx_word' id='word_1_206' title='bbox 823 3727 1019 3791; x_wconf 89' lang='lat' dir='ltr'>milliarium</span> <span class='ocrx_word' id='word_1_207' title='bbox 1052 3727 1185 3809; x_wconf 85' lang='lat' dir='ltr'>paxillo</span> 
     </span>
     <span class='ocr_line' id='line_1_33' title="bbox 236 3827 1184 3911; baseline 0 -20"><span class='ocrx_word' id='word_1_208' title='bbox 236 3830 408 3911; x_wconf 90' lang='lat' dir='ltr'>apposito,</span> <span class='ocrx_word' id='word_1_209' title='bbox 440 3830 504 3893; x_wconf 90' lang='lat' dir='ltr'>snb</span> <span class='ocrx_word' id='word_1_210' title='bbox 535 3847 684 3893; x_wconf 89' lang='lat' dir='ltr'>caverna</span> <span class='ocrx_word' id='word_1_211' title='bbox 714 3828 842 3892; x_wconf 88' lang='lat' dir='ltr'>montis</span> <span class='ocrx_word' id='word_1_212' title='bbox 878 3827 1184 3909; x_wconf 89' lang='lat' dir='ltr'>quomodocunque</span> 
     </span>
     <span class='ocr_line' id='line_1_34' title="bbox 234 3927 1184 4002; baseline -0.001 -13"><span class='ocrx_word' id='word_1_213' title='bbox 234 3927 300 3991; x_wconf 90' lang='lat' dir='ltr'>iter</span> <span class='ocrx_word' id='word_1_214' title='bbox 319 3935 475 3992; x_wconf 88' lang='lat' dir='ltr'>nostrum</span> <span class='ocrx_word' id='word_1_215' title='bbox 502 3927 701 3992; x_wconf 90' lang='lat' dir='ltr'>direximus.</span> <span class='ocrx_word' id='word_1_216' title='bbox 756 3927 858 3991; x_wconf 86' lang='lat' dir='ltr'>Caeca</span> <span class='ocrx_word' id='word_1_217' title='bbox 881 3933 981 3990; x_wconf 89' lang='lat' dir='ltr'>crant</span> <span class='ocrx_word' id='word_1_218' title='bbox 1006 3927 1133 4002; x_wconf 91' lang='lat' dir='ltr'>omnia,</span> <span class='ocrx_word' id='word_1_219' title='bbox 1149 3933 1184 3989; x_wconf 90' lang='lat' dir='ltr'>et</span> 
     </span>
    </p>
   </div>
   <div class='ocr_carea' id='block_1_6' title="bbox 236 4196 1185 4335">
    <p class='ocr_par' dir='ltr' id='par_1_6' title="bbox 236 4196 1185 4335">
     <span class='ocr_line' id='line_1_35' title="bbox 273 4196 1185 4270; baseline -0.003 -20"><span class='ocrx_word' id='word_1_220' title='bbox 273 4197 424 4270; x_wconf 77' lang='lat' dir='ltr'>¹Adultus.]</span> <span class='ocrx_word' id='word_1_221' title='bbox 441 4202 476 4253; x_wconf 78' lang='lat' dir='ltr'>A.</span> <span class='ocrx_word' id='word_1_222' title='bbox 495 4205 526 4252; x_wconf 84' lang='lat' dir='ltr'>C.</span> <span class='ocrx_word' id='word_1_223' title='bbox 544 4204 579 4252; x_wconf 91' lang='lat' dir='ltr'>D.</span> <span class='ocrx_word' id='word_1_224' title='bbox 598 4203 630 4252; x_wconf 78' lang='grc' dir='ltr'>Ε.</span> <span class='ocrx_word' id='word_1_225' title='bbox 648 4202 698 4263; x_wconf 81' lang='lat' dir='ltr'>L.;</span> <span class='ocrx_word' id='word_1_226' title='bbox 758 4196 885 4262; x_wconf 76' lang='lat' dir='ltr'>&#39;Hnuci.]</span> <span class='ocrx_word' id='word_1_227' title='bbox 904 4199 932 4250; x_wconf 75' lang='lat' dir='ltr'>S.</span> <span class='ocrx_word' id='word_1_228' title='bbox 947 4200 977 4249; x_wconf 76' lang='lat' dir='ltr'>d.</span> <span class='ocrx_word' id='word_1_229' title='bbox 990 4199 1025 4250; x_wconf 90' lang='lat' dir='ltr'>D.</span> <span class='ocrx_word' id='word_1_230' title='bbox 1038 4199 1070 4249; x_wconf 78' lang='grc' dir='ltr'>Ε.</span> <span class='ocrx_word' id='word_1_231' title='bbox 1089 4199 1138 4260; x_wconf 79' lang='lat' dir='ltr'>L.;</span> <span class='ocrx_word' id='word_1_232' title='bbox 1154 4199 1185 4247; x_wconf 91' lang='lat' dir='ltr'>li·</span> 
     </span>
     <span class='ocr_line' id='line_1_36' title="bbox 236 4268 835 4335; baseline 0 -16"><span class='ocrx_word' id='word_1_233' title='bbox 236 4272 340 4321; x_wconf 81' lang='lat' dir='ltr'>adultus</span> <span class='ocrx_word' id='word_1_234' title='bbox 351 4276 445 4335; x_wconf 82' lang='lat' dir='ltr'>autem,</span> <span class='ocrx_word' id='word_1_235' title='bbox 456 4273 485 4322; x_wconf 76' lang='lat' dir='ltr'>S.</span> <span class='ocrx_word' id='word_1_236' title='bbox 723 4270 791 4332; x_wconf 82' lang='lat' dir='ltr'>bavi,</span> <span class='ocrx_word' id='word_1_237' title='bbox 802 4268 835 4319; x_wconf 80' lang='grc' dir='ltr'>Α.</span> 
     </span>
    </p>
   </div>
   <div class='ocr_carea' id='block_1_7' title="bbox 0 0 1594 5048">
    <p class='ocr_par' dir='ltr' id='par_1_7' title="bbox 0 0 1594 5048">
     <span class='ocr_line' id='line_1_37' title="bbox 0 0 1594 5048; baseline 0 0"><span class='ocrx_word' id='word_1_238' title='bbox 0 0 1594 5048; x_wconf 95' lang='lat' dir='ltr'> </span> 
     </span>
    </p>
   </div>
  </div>
 </body>
</html>
