3150 5046
85 527 87 532 .
208 489 277 536 uin.
292 471 351 552 11.]
432 484 547 535 ossus
570 483 697 534 nacon
721 485 935 536 anctorum
1095 473 1160 538 327

209 644 443 710 tundentibus.
491 639 612 707 Finita
633 643 752 721 missa,
767 644 887 725 egenis
902 664 965 726 per
982 664 1159 727 praecones

209 744 446 822 conclamatis,
471 761 590 807 omnes
607 742 715 825 dapes
730 762 811 826 quae
832 744 900 807 sibi
921 750 957 808 et
971 744 1158 810 curialibus

209 846 421 928 parabantur
450 843 486 906 in
519 862 604 905 usus
626 861 746 906 eorum
775 842 959 924 exhausit;
988 844 1064 927 ipse
1095 846 1156 909 ob·

209 945 310 1008 sonia
325 962 515 1026 apponens,
529 943 604 1024 ipse
616 941 724 1026 juxta
742 941 959 1024 disciplinam
981 944 1156 1008 ministro·
1207 986 1208 990 =

210 1063 287 1106 rum
303 1045 345 1107 de
360 1043 464 1124 longe
487 1042 693 1119 consistens,
709 1042 785 1125 ipse
807 1043 983 1125 superflua
1002 1044 1157 1109 ciborum

208 1145 422 1225 abstergens.
472 1199 475 1208 ,
537 1197 538 1202 ,

261 1243 279 1325 ᾗ
294 1243 371 1306 193.
393 1240 564 1323 Tempore
584 1237 737 1303 Conradi
755 1241 864 1323 patris
881 1242 1067 1324 aquodam
1086 1245 1153 1309 cle·
1168 1268 1277 1320 ungena.

210 1341 281 1405 rico
306 1341 458 1406 fistulam
483 1340 612 1404 tulerat
634 1345 835 1421 argenteam
858 1360 928 1423 qua
951 1343 1051 1424 pueri
1073 1343 1155 1408 ludo
1189 1373 1191 1379 Δ
1262 1385 1263 1390 1
1322 1385 1324 1390 -

211 1460 338 1522 aquam
348 1440 562 1525 jaculantur,
577 1445 702 1520 pactus
717 1439 955 1522 episcopatum
973 1460 1051 1504 cum
1066 1442 1156 1508 foret

209 1531 408 1621 imperator.
443 1536 597 1601 Adultus
615 1539 786 1620 repetenti
801 1539 994 1622 pollicitum
1010 1541 1156 1624 impigre

210 1639 371 1720 dederat3
395 1657 458 1702 nec
476 1637 587 1701 multo
608 1644 700 1719 post,
716 1655 841 1719 aspera
857 1639 1056 1704 valetudine
1078 1661 1155 1705 cor·

210 1747 341 1822 neptus,
351 1737 523 1802 decubuit.
558 1732 683 1800 Morbo
694 1743 882 1815 crescente,
892 1739 1007 1806 triduo
1017 1733 1154 1805 ¹exsen-

211 1857 271 1902 sus
295 1846 331 1902 et
347 1845 463 1900 mutus
479 1835 605 1919 jacint,
620 1855 698 1899 cum
721 1836 758 1898 in
782 1836 857 1900 solo
881 1844 1020 1920 pectore
1037 1828 1155 1904 vitalis

210 1937 339 2001 halitus
362 1936 568 2020 palpitaret3
591 1955 655 1999 nec
677 1935 773 1999 aliud
788 1937 870 2000 vitae
891 1937 1056 2002 indicium
1079 1947 1156 2005 crat

211 2057 316 2120 quam
331 2036 436 2120 quod,
453 2054 559 2098 manu
576 2034 621 2098 ad
634 2053 736 2102 nares
758 2036 930 2118 apposita,
947 2038 1154 2119 quantulus·

210 2156 346 2219 cunque
373 2135 587 2198 sentiebatur
616 2133 800 2198 anhelitus
863 2135 1029 2220 Episcopi
1064 2157 1154 2220 prae-

211 2244 339 2314 sentes,
348 2234 509 2299 triduano
518 2231 808 2318 indictojejunio,
817 2233 1004 2318 lachrymis
1016 2242 1052 2300 et
1063 2238 1155 2302 votis

210 2356 273 2419 pro
301 2335 377 2400 vita
405 2334 498 2416 regis
529 2351 674 2415 superos
701 2317 911 2415 pulsabant}
950 2336 1088 2417 quibus,
1115 2343 1156 2401 ut

209 2435 302 2500 credi
316 2434 369 2498 fas
384 2439 448 2511 est,
463 2432 621 2497 remediis
636 2432 894 2511 convalescens,
910 2435 1059 2499 accitum
1080 2437 1155 2519 epi·

211 2554 354 2616 scopum
376 2552 478 2616 quem
501 2532 632 2616 injuste
657 2532 798 2609 fecerat,
824 2534 999 2598 sententia
1020 2536 1158 2599 concilii

211 2633 390 2716 deposuit:
413 2632 589 2715 professus
613 2651 651 2695 se
674 2637 753 2698 toto
774 2632 891 2703 triduo
910 2633 1084 2698 daemones
1105 2635 1158 2697 in-

212 2735 320 2798 festos
336 2731 464 2800 vidisse
487 2731 661 2796 flammam
681 2731 719 2794 in
744 2750 782 2794 se
805 2751 868 2813 per
889 2733 1043 2796 fistulam
1053 2733 1157 2817 jacu-

88 2867 92 2874 ·
211 2835 336 2912 lantes,
353 2832 526 2895 flammam
539 2831 627 2894 adeo
640 2830 852 2912 pertinacem
867 2837 908 2895 ut
923 2838 1041 2896 noster
1054 2833 1158 2915 ignis),

211 2935 247 2996 in
280 2931 538 3015 comparatione
568 2929 674 3005 illius,
698 2928 801 3014 jocus
832 2936 975 3013 putetur
1006 2937 1043 2996 et
1071 2932 1158 2996 nihil
1271 2980 1273 2985 -

211 3032 335 3097 calere.
387 3031 558 3095 Juvenem
582 3030 675 3093 inter
693 3028 769 3094 haec
792 3030 1072 3094 semiustulatum
1096 3031 1158 3096 ad·

211 3141 384 3209 ventasse,
418 3130 584 3194 ferentem
611 3130 788 3194 immensae
819 3129 1068 3212 magnitudinis
1099 3150 1158 3195 ca-

211 3234 311 3296 licem
342 3249 484 3295 aureum
513 3247 606 3312 aqua
637 3229 800 3310 plenum3
835 3230 936 3314 cujus
961 3229 1094 3294 visione
1123 3237 1159 3296 et

212 3333 325 3396 laticis
341 3330 524 3412 aspergine
532 3328 725 3405 delinitum,
738 3328 904 3392 extinctis
917 3328 1111 3407 ardoribus,
1121 3330 1158 3392 in

212 3431 398 3496 sanitatem
429 3429 595 3494 evasisse.
663 3426 858 3510 Ephoebum
890 3426 988 3490 illum
1018 3428 1182 3492 beatum'

211 3531 318 3594 fuisse
336 3529 574 3606 Laurentium,
596 3525 698 3611 cujus
723 3525 878 3590 ecclesiae
900 3531 1031 3589 tectum
1052 3526 1160 3608 longa

212 3632 304 3695 carie
335 3629 543 3693 dissolutum
572 3625 837 3709 compaginarit,
865 3632 901 3689 et
932 3635 1060 3708 practer
1090 3626 1161 3691 alia

213 3731 318 3795 xenia
333 3729 440 3794 calice
454 3747 559 3793 aureo
575 3725 822 3790 honorificarit.
1148 3807 1152 3810 ᾖ

264 3829 372 3914 ξ194.
408 3827 604 3892 Occurrunt
628 3824 694 3889 hoc
721 3825 798 3889 loco
823 3843 902 3907 quae
929 3821 973 3887 de
998 3823 1059 3887 illo
1085 3823 1161 3889 viro

213 3931 372 3994 feruntur
387 3945 516 4010 magna
532 3924 712 4002 miracula,
726 3932 766 3991 ut
779 3924 822 3987 dc
839 3942 942 3988 cerva
956 3943 1036 4006 quae
1051 3923 1163 4002 illum,

215 4030 372 4093 inimicos
396 4027 617 4109 fugitantem,
642 4024 736 4088 ultra
759 4022 991 4087 invadabilem
1018 4022 1161 4087 fluvium

218 4193 348 4201 *-

361 4267 368 4298 ¹
381 4262 531 4335 Emensus]
549 4267 596 4328 ὣς
607 4267 643 4316 all
654 4266 696 4316 the
709 4266 784 4316 MSS.
796 4265 858 4315 read
868 4264 1017 4316 ‘exsensis’
