3170 5054
410 509 455 574 52
636 515 749 572 onere
773 523 899 571 aucun
924 522 1135 571 Anononuu.
1239 507 1322 588 [uin.
1340 523 1361 569 ι.

411 685 466 748 sui
489 684 526 747 in
548 685 660 748 sinum
685 692 720 748 et
742 683 991 766 protectionem
1011 679 1363 755 Romanae'ecclesiae,

412 803 533 867 meque
545 784 627 848 licet
640 784 820 866 indignum
841 803 919 847 cum
942 782 1019 864 ipsa
1040 780 1261 861 suscipiente,
1281 798 1364 842 oon·

309 935 310 938 η
412 885 639 959 sentientibus
664 885 771 948 'etiam
801 884 959 947 omnihus
989 879 1181 945 Britanniae
1211 878 1362 960 regibus,

414 982 692 1066 archiepiscopis
714 984 897 1067 episcopis,
911 981 1068 1058 ducibuS,
1095 986 1200 1062 atque
1229 979 1363 1042 abbati-

412 1084 489 1160 buS,
505 1090 621 1147 statuo
638 1103 703 1165 ego
726 1091 831 1165 atque
854 1081 1030 1158 confirmo,
1057 1081 1221 1163 quatinus
1244 1096 1362 1142 omnes

413 1190 514 1246 terrae
530 1191 565 1247 et
582 1184 660 1247 loca
681 1190 717 1247 et
736 1184 970 1265 possessiones
989 1183 1101 1244 beatae
1119 1179 1243 1242 Mariae
1258 1177 1362 1241 Glas-

414 1283 481 1346 teie
496 1283 566 1353 sint
581 1282 710 1365 quieta,
725 1291 760 1347 et
774 1284 818 1346 ab
834 1283 991 1346 omnibus
1006 1280 1110 1362 regiis
1124 1279 1364 1343 exactionibus

414 1389 449 1445 et
471 1383 632 1464 operibus
655 1403 733 1465 quae
755 1382 860 1446 indici
883 1381 1007 1457 solent,
1031 1378 1201 1455 videlicet,
1222 1379 1363 1460 expedi-

414 1483 520 1559 tione,
555 1490 591 1546 et
627 1482 743 1563 pontis
782 1481 915 1546 arcisve
951 1479 1219 1555 constructione,
1248 1484 1284 1542 et
1319 1479 1363 1541 ab

414 1582 565 1645 omnium
595 1582 928 1664 archiepiscoporum
953 1586 988 1644 et
1016 1580 1256 1662 episcoporum
1285 1596 1364 1658 prou

413 1682 683 1764 mulgationibus
705 1689 740 1746 et
762 1680 1091 1764 perturbationibus
1106 1678 1196 1743 sicut
1213 1677 1251 1740 in
1275 1677 1365 1740 anti-

380 1781 382 1786 ’
414 1781 491 1863 quis
520 1781 674 1864 ejusdem
703 1782 858 1846 ecclesiae
887 1781 992 1845 cartis
1020 1779 1259 1844 confirmatum
1289 1796 1364 1841 esse

414 1881 601 1959 invenitur,
629 1887 665 1945 et
692 1901 714 1944 a
755 1880 1065 1963 praedecessoribus
1108 1878 1193 1942 meis
1230 1875 1364 1942 Chone-

413 1980 572 2057 walchio,
586 1979 802 2058 chentwino,
817 1980 1029 2057 chedwalla,
1044 1978 1210 2042 Baltredo
1232 1977 1365 2059 astipua

412 2075 522 2142 latum
537 2098 612 2143 esse
628 2081 828 2158 dinoscitur,
850 2081 1056 2145 inconcussa
1075 2086 1111 2143 et
1131 2078 1266 2141 illibata
1286 2097 1363 2158 per-

413 2187 586 2243 maneant.
643 2180 690 2243 Et
716 2201 931 2264 quaecunque
955 2179 1156 2244 emerserint
1178 2195 1305 2254 causae,
1327 2177 1363 2240 in

414 2278 617 2355 homicidiiS,
641 2281 842 2362 sacrilegiis
867 2280 1054 2357 veneficiis,
1078 2277 1192 2354 furtis,
1221 2275 1363 2358 rapinis,

415 2377 451 2441 in
470 2379 705 2460 dispositione
739 2380 961 2444 ecclesiarum
992 2387 1029 2444 et
1055 2377 1298 2459 descriptione,
1328 2376 1365 2439 in

413 2477 632 2542 ordinatione
660 2480 874 2558 clericorum,
902 2479 939 2542 in
976 2477 1236 2543 conventiculis
1258 2495 1362 2559 syno-

414 2576 562 2655 dalibus„
585 2573 621 2641 et
645 2579 682 2641 in
702 2581 860 2644 omnibus
882 2579 1076 2664 judiciariis
1099 2576 1361 2647 examinationi-

413 2677 492 2755 huS,
515 2678 645 2760 absque
664 2679 768 2743 ullius
784 2679 931 2743 hominis
951 2677 1164 2761 praejudicio,
1179 2677 1314 2750 abbatis
1329 2682 1364 2739 et

414 2783 606 2842 conventus
628 2778 853 2861 dispositione
874 2779 1049 2842 finiantur.
1110 2777 1176 2841 Sed
1201 2784 1237 2839 et
1255 2776 1365 2840 omni-

416 2877 481 2939 bus
503 2878 601 2958 regni
622 2879 690 2941 mei
708 2879 859 2962 regibuS,
883 2877 1161 2962 archiepiscopis
1184 2876 1367 2958 episcopis,

414 2974 570 3052 ducibus,
591 2982 630 3039 ‘et
651 2978 874 3060 principibus
895 2997 1000 3060 super
1023 2978 1187 3041 honorem
1209 2995 1310 3038 suum
1333 2982 1369 3039 et

415 3091 566 3137 amorem
586 3095 700 3139 meum
722 3078 897 3160 praecipio,
926 3085 961 3141 et
988 3077 1157 3153 omnibuS,
1188 3083 1259 3139 tam
1282 3075 1368 3138 meis

412 3191 521 3254 <quam
549 3193 667 3237 eorum
695 3175 872 3255 ministris
902 3197 1006 3259 super
1033 3177 1179 3240 salutem
1214 3175 1367 3257 corporis

411 3273 471 3335 sui
501 3275 676 3356 praecipio,
703 3296 746 3340 ne
775 3278 866 3340 ullus
896 3297 1014 3341 eorum
1046 3276 1193 3340 insulam
1227 3273 1370 3338 Domini

412 3372 528 3436 nostri
542 3373 565 3438 J
568 3393 629 3438 esu
652 3374 793 3454 Christi,
817 3385 852 3442 et
875 3383 1051 3459 perpetuae
1074 3375 1219 3456 virginis
1244 3373 1367 3437 Mariae

414 3469 586 3551 Glasteie,
625 3495 689 3538 nec
734 3477 887 3559 ejusdem
925 3476 1079 3540 ecclesiae
1122 3474 1369 3557 possessiones

417 3590 524 3636 causa
568 3573 769 3656 placitandi,
813 3575 1064 3658 perscrutandi,
1106 3573 1273 3656 rapiendi,
1313 3573 1369 3637 vel

417 3671 547 3753 aliquid
574 3673 721 3737 faciendi
749 3677 840 3757 quod
868 3675 993 3738 ibidem
1020 3676 1097 3739 Deo
1123 3672 1369 3736 famulantibus

417 3771 529 3851 possit
550 3791 624 3834 esse
647 3773 683 3834 in
704 3775 917 3851 scandalum,
941 3774 1068 3838 audeat
1087 3775 1229 3838 intrare.
1277 3771 1369 3836 Illud

418 3886 503 3932 sane
518 3871 762 3953 omnipotentis
777 3874 844 3938 Dei
863 3881 900 3938 et
920 3880 1095 3956 perpetuae
1118 3872 1262 3954 virginis
1289 3871 1369 3935 Ma-

418 3968 491 4046 riae,
515 3976 550 4033 et
571 3971 750 4035 beatorum
773 3975 1007 4055 apostolorum
1029 3971 1126 4036 Petri
1148 3977 1183 4035 et
1198 3971 1313 4048 Pauli,
1336 3977 1371 4035 et

419 4070 571 4132 omnium
593 4079 792 4136 sanctorum
812 4073 1051 4137 interdictione
1074 4071 1250 4154 prohibeo,
1273 4091 1317 4134 ne
1333 4071 1370 4134 in

419 4165 496 4248 ipsa
524 4168 765 4254 Glastingensi
790 4173 946 4250 ecclesia,
970 4192 1033 4236 nec
1061 4172 1097 4235 in
1128 4171 1281 4235 ecclesiis
1304 4171 1370 4234 sibi

408 4267 577 4344 “subditis
614 4271 785 4350 videlicet,
822 4273 968 4349 Soweie,
1006 4272 1148 4347 Brente,
1187 4269 1371 4347 Merlinch,
