3150 5046
436 493 504 559 378
649 509 773 558 ‚cnsrs
796 509 924 559 arcun
947 507 1163 558 suanorum
1246 494 1331 576 [mn.
1349 510 1390 558 11.

305 698 315 726 ι
438 672 475 731 et
487 684 642 749 quaerare
657 685 797 730 oausam
812 664 1002 743 ardentius,
1014 657 1073 729 ¹ut
1081 663 1296 748 supplicibus
1310 663 1386 747 dig·

438 773 562 830 nanter
574 785 646 830 rem
662 767 893 849 imwrtiatnr.
933 764 1012 841 Ille,
1028 763 1175 828 multum
1191 771 1385 842 cunctatus,

438 865 577 929 tandem
591 866 802 930 instantibus
823 865 912 928 mira
927 863 1126 946 respondit:
1150 863 1290 946 Septem
1304 864 1384 928 dor-

437 965 582 1029 mientes
594 965 636 1029 in
650 963 759 1029 Caelio
770 969 888 1028 monte
896 956 1129 1046 ²requiescere
1136 962 1212 1047 jam
1226 961 1384 1027 ducentis

436 1064 538 1127 annis
550 1065 587 1127 in
603 1063 728 1128 dextro
739 1063 897 1147 jacentes
913 1062 1044 1142 latere3
1059 1061 1121 1126 sed
1135 1069 1230 1139 tunc,
1245 1063 1283 1126 in
1297 1062 1383 1126 hora

436 1162 515 1244 ipsa
539 1163 629 1228 risus
653 1163 720 1240 sui,
746 1162 840 1226 latus
862 1162 1046 1226 invertisse
1066 1161 1268 1241 sinistnrm3
1290 1161 1381 1226 futu·

435 1281 512 1324 rum
536 1269 577 1326 ut
602 1262 825 1344 septuaginta
851 1267 1002 1344 quatuor
1024 1261 1126 1329 anuis
1154 1261 1206 1324 ita
1227 1259 1382 1344 jaceant,

435 1361 549 1424 dirum
564 1362 725 1424 nimirum
747 1361 882 1424 miseris
903 1359 1107 1424 mortalibus
1123 1377 1236 1424 omen.
1289 1358 1382 1423 Nam

432 1461 553 1524 omnia
566 1467 716 1525 ventura
734 1460 772 1523 in
794 1459 848 1524 his
867 1459 1091 1541 septuaginta
1112 1465 1262 1541 quatuor
1283 1459 1382 1522 annis

436 1578 515 1641 quae
531 1559 703 1623 Dominus
725 1560 817 1622 circa
833 1558 937 1622 finem
962 1557 1081 1622 mundi
1097 1557 1263 1640 praedixit
1280 1557 1382 1621 disci·

437 1659 528 1739 pulis
546 1659 640 1738 suis3
665 1664 824 1740 ‘gentem
846 1664 969 1722 contra
984 1663 1123 1740 gentem
1138 1663 1382 1734 surrecturam,

435 1765 473 1821 et
501 1777 647 1839 regnum
684 1757 851 1821 adversus
883 1775 1042 1838 regnum,
1072 1762 1290 1821 terraemotus
1322 1775 1384 1838 per

436 1855 525 1936 loca,
547 1857 778 1939 pestilentiam
796 1864 832 1921 et
844 1855 982 1934 samem,
1000 1861 1149 1920 terrores
1172 1855 1215 1918 de
1236 1855 1326 1919 coelo
1347 1862 1383 1920 et

436 1956 536 2036 signa
558 1975 697 2038 magna,
710 1975 895 2037 regnorum
909 1955 1132 2030 mutationes
1149 1954 1330 2036 gentilium
1346 1955 1382 2018 in

436 2053 653 2119 Christianos
674 2055 778 2132 bella,
803 2055 885 2118 itam
904 2052 1189 2118 Christicolarum
1211 2053 1251 2116 iu
1272 2072 1382 2136 paga·

436 2172 500 2216 nos
512 2153 701 2218 victorias.³
751 2153 855 2216 Talia
875 2153 1081 2217 mirantibus
1102 2151 1281 2216 inculcans
1303 2171 1383 2235 pas-

433 2251 568 2316 sionem
592 2259 725 2335 septem
739 2251 993 2330 dormientium,
1014 2259 1050 2316 et
1069 2250 1288 2332 habitudines
1310 2271 1382 2316 eor·

436 2369 558 2433 porum
583 2351 810 2433 singulorum,
837 2369 925 2434 quas
951 2350 1049 2416 nulla
1074 2350 1177 2415 docet
1198 2350 1313 2427 litera,
1334 2351 1383 2416 ita

434 2457 594 2532 prompte
617 2451 779 2515 disseruit
801 2469 842 2514 ac
866 2450 897 2513 si
918 2468 996 2513 cum
1016 2450 1068 2514 eis
1090 2448 1291 2531 quotidiano
1310 2450 1384 2515 vic·

436 2550 558 2614 titaret
571 2551 808 2614 contubernio.
856 2549 926 2612 His
942 2548 1083 2626 auditis,
1098 2567 1212 2612 comes
1228 2549 1384 2628 militem,

434 2649 618 2733 episcopus
645 2649 819 2725 clericum,
847 2649 956 2712 abbas
983 2647 1202 2726 monachum,
1225 2648 1270 2711 ad
1295 2650 1386 2712 vari·

436 2754 544 2812 tatem
568 2749 750 2813 verborum
772 2747 1053 2830 exsculpendam,
1077 2746 1269 2811 Manicheti
1291 2746 1384 2812 Gon·

434 2847 748 2930 stantinopolituno
759 2847 962 2930 imperatori
978 2846 1113 2924 misere,
1131 2846 1277 2931 adjectis
1292 2848 1385 2929 regis

436 2947 492 3010 sui
508 2946 618 3010 literis
633 2954 669 3011 et
681 2947 894 3011 muneribus.
933 2946 1005 3010 Eos
1019 2944 1091 3022 ille,
1105 2945 1254 3027 benigne
1267 2964 1385 3009 secum

435 3043 586 3121 habitos,
607 3046 768 3128 episcopo
785 3045 915 3127 Ephesi
927 3044 1129 3122 destinauit,
1151 3045 1301 3127 epistola
1321 3064 1384 3128 pa·

436 3143 521 3207 riter
536 3162 641 3225 quam
665 3162 799 3208 sacram
811 3151 941 3209 vocant
956 3145 1154 3220 comitante,
1172 3151 1212 3208 ut
1225 3144 1385 3208 ostende-

436 3247 557 3306 rentur
569 3241 695 3325 legatis
710 3243 803 3326 regis
818 3241 959 3327 Angliae
974 3236 1126 3326 ³septem
1139 3242 1384 3308 dormientium

474 3511 483 3543 ¹
499 3514 534 3562 Ut
545 3514 695 3577 supplicibus
705 3515 838 3578 dignanter
848 3529 900 3564 rem
926 3513 1018 3564 retired
1037 3518 1064 3564 to
1082 3529 1100 3564 a
1117 3529 1189 3577 cave,
1204 3515 1310 3566 whence
1325 3516 1387 3579 they

438 3580 618 3652 impertiatur]
643 3583 677 3634 Δ.
695 3584 725 3633 S.
744 3585 779 3633 D.
798 3585 832 3633 E.
851 3585 899 3645 L.;
926 3583 1077 3646 dispatched
1086 3584 1152 3634 their
1163 3585 1294 3634 abundant
1309 3600 1386 3635 occa-

437 3657 469 3702 ut
491 3653 651 3714 supplicibus
673 3667 727 3704 reru
748 3655 900 3716 diligentius
926 3654 1035 3716 aloually
1055 3658 1083 3704 to
1109 3653 1235 3716 parrhase
1261 3655 1322 3704 luel
1345 3655 1386 3704 ior

438 3723 606 3784 impertiatur,
619 3723 649 3772 C.
926 3723 1003 3773 thena
1038 3723 1146 3786 Decius,
1155 3723 1262 3786 hearing
1277 3725 1338 3782 this,
1347 3739 1389 3774 or·

474 3787 675 3856 'Requlescere.]
692 3792 742 3853 E.;
760 3793 901 3856 quiescere,
926 3792 1005 3842 dered
1020 3791 1063 3842 the
1082 3793 1169 3842 mouth
1180 3793 1210 3841 ol
1221 3794 1264 3843 the
1282 3808 1344 3844 cave
1359 3799 1388 3844 to

438 3859 473 3910 Δ.
485 3860 515 3911 S.
528 3861 558 3910 G.
572 3861 605 3911 D.
617 3861 649 3912 L.
926 3861 958 3911 bs
969 3862 1077 3924 stopped
1086 3877 1123 3924 up
1131 3862 1209 3912 while
1216 3863 1259 3912 the
1266 3863 1389 3926 fugitives

464 3927 574 3993 ’Septem
579 3929 902 3980 domieuttsmmortirioles
926 3946 994 3981 were
1008 3933 1132 3994 sleepiug.
1166 3932 1268 3981 Altera
1277 3934 1349 3994 lapse
1360 3933 1392 3982 oi

438 3997 555 4060 enaim]
566 3999 620 4048 'lhe
631 4002 826 4062 sevansleepers
833 4015 901 4049 were
927 4015 995 4051 some
1014 4001 1130 4050 hundred
1147 4015 1232 4064 years,
1249 4016 1266 4050 a
1285 4008 1342 4064 part
1360 4002 1392 4051 ol

438 4069 594 4119 inhabitants
604 4069 635 4119 ol
638 4070 773 4130 Ephesus:
784 4071 825 4120 six
833 4084 901 4119 were
925 4071 969 4120 the
985 4085 1104 4132 masonry
1114 4071 1193 4120 attha
1208 4071 1297 4120 mouth
1307 4071 1388 4121 oithe

438 4153 543 4200 persons
565 4138 595 4188 of
613 4153 682 4189 some
712 4153 901 4202 consequence3
926 4140 1230 4203 cavefalling,thclight
1239 4141 1341 4204 flowing
1359 4142 1388 4190 ia

436 4209 481 4258 the
492 4208 596 4259 severth
610 4209 676 4259 their
686 4214 796 4262 servm,
831 4209 901 4258 Dur·
924 4209 1067 4260 awakened
1078 4211 1155 4260 them
1189 4211 1319 4274 Thinking
1326 4211 1389 4272 they

438 4277 483 4340 ing
499 4278 542 4328 the
552 4275 652 4328 Declan
669 4281 829 4341 parsecutiou
840 4279 901 4341 they
925 4279 978 4328 had
988 4279 1096 4344 enjoyed
1106 4295 1124 4330 a
1134 4279 1199 4342 good
1214 4280 1310 4344 aight's
1325 4284 1390 4343 rest,
