3150 5046
188 507 331 587 mam]
414 522 528 570 essm
552 523 678 571 nnuuu
703 522 915 571 hunnorum.
1073 505 1139 570 323

191 681 278 758 lunt,
300 679 482 743 Mahumet
498 699 567 743 non
583 679 710 756 Deum,
737 681 797 744 sed
819 674 911 765 ¹ejus
932 680 1136 764 prophetam

192 781 415 844 aestimantes.
466 777 640 845 Vindelici
654 799 737 844 vero
756 780 945 844 Fortunam
968 781 1135 859 adorant3

191 880 291 963 cujus
304 879 434 943 idolum
449 878 526 943 loco
545 878 817 943 nominatissimo
834 887 1013 962 ponentes
1029 899 1137 943 cornu

192 980 326 1043 dextrae
342 978 436 1042 illius
447 971 678 1060 ²componunt
687 977 827 1060 plenum
840 986 926 1062 potu
940 978 1000 1043 illo
1015 973 1135 1062 ³quem

192 1078 318 1146 Graeco
331 1077 513 1154 vocabulo,
531 1097 576 1141 ex
590 1095 682 1160 aqua
692 1083 728 1140 et
742 1078 855 1154 melle,
871 1077 1136 1161 Hydromellum

191 1197 368 1242 vocamus.
427 1176 526 1240 Idem
558 1183 701 1240 sanctus
731 1175 970 1260 Hieronymus
1001 1178 1136 1259 AEgyp-

192 1278 260 1341 tios
284 1284 320 1340 et
336 1295 455 1340 omues
476 1295 564 1358 pene
580 1275 776 1340 Orientales
800 1275 934 1355 fecisse,
951 1277 988 1340 iu
1004 1277 1136 1341 decimo

193 1386 318 1441 octavo
343 1395 447 1457 super
460 1375 590 1439 Isaiam
613 1375 702 1439 libro
721 1374 914 1440 confirmat.
958 1376 1060 1440 Unde
1082 1376 1135 1439 ul·

193 1478 278 1540 timo
294 1476 349 1538 die
365 1474 575 1540 Novembris
595 1475 735 1551 mensis,
749 1475 787 1537 in
801 1475 947 1538 circuitu
963 1476 1136 1552 sedentes,

193 1577 229 1638 in
246 1594 427 1638 commune
443 1581 680 1657 praegustant3
702 1581 738 1637 et
754 1574 785 1637 si
799 1593 907 1638 cornu
921 1575 1060 1657 plenum
1082 1575 1135 1636 in·

192 1674 361 1751 venerint,
386 1693 513 1756 magno
535 1675 683 1756 strepitu
704 1665 950 1756 *applaudunt
972 1674 1065 1756 quod
1087 1675 1138 1736 eis

193 1774 309 1838 futuro
326 1793 418 1837 anno
439 1773 541 1856 pleno
557 1774 660 1855 copia
675 1792 781 1837 cornu
804 1789 1012 1856 responsura
1033 1774 1080 1837 sit
1101 1772 1138 1835 in

193 1875 371 1952 omnibus3
395 1872 425 1935 si
439 1879 572 1949 contra,
587 1879 740 1952 gemunt.
779 1871 858 1936 Hos
875 1891 958 1954 ergo
970 1874 1022 1936 ita
1038 1872 1137 1935 Hen-

194 1974 285 2035 ricus
303 1973 504 2062 tributarios
527 1971 700 2048 effecerat,
722 1978 774 2049 ut,
795 1972 955 2035 omuibus
977 1972 1138 2036 solemni-

195 2072 325 2135 tatibus
351 2072 477 2153 quibus
499 2065 759 2148 ⁵coronabatur,
782 2089 882 2152 reges
911 2090 1030 2134 eorum
1054 2088 1140 2152 qua-

195 2176 286 2249 tuor,
309 2171 456 2235 lebetem
480 2189 550 2252 quo
580 2187 702 2233 carnes
730 2169 990 2246 condiebantur,
1014 2172 1051 2234 in
1077 2170 1140 2233 hu·

194 2272 298 2334 meris
323 2270 408 2347 suis,
429 2288 492 2352 per
516 2269 664 2333 annulos
681 2275 832 2351 quatuor
845 2271 1002 2334 vectibus
1016 2270 1060 2334 ad
1083 2289 1140 2333 co-

194 2369 335 2451 quinam
349 2369 567 2434 vectitarent.

232 2559 279 2605 DE
301 2557 442 2606 sottoltn
464 2554 723 2616 IMPERATORIS,
747 2555 791 2602 ET
815 2554 968 2604 GLERIOO
990 2557 1101 2605 lLLAM

552 2654 770 2703 'DILIGENTR

248 2764 355 2848 §lou
384 2763 561 2827 Praeterea
585 2764 705 2826 crebro
730 2760 935 2825 tumultibus
960 2763 1058 2843 regni
1080 2781 1143 2824 ex··
1155 2777 1302 2877 fflffi

197 2864 347 2947 peditus,
358 2883 436 2927 cum
454 2882 492 2926 se
505 2860 736 2927 communioni
751 2868 787 2924 et
798 2860 967 2925 hilaritati
980 2861 1143 2938 dedisset,

103 3017 106 3024 .
192 2963 266 3046 joci
280 2962 415 3045 plenus,
429 2969 469 3026 ut
485 2968 542 3026 sat
558 2962 624 3025 erit
640 2960 776 3024 duobus
791 2961 938 3042 probare
963 2960 1141 3043 exemplis.

198 3062 359 3128 Sororem
383 3061 678 3125 sanctimonialem
699 3061 799 3124 unice
821 3059 1000 3141 diligebat,
1022 3067 1062 3124 ut
1078 3080 1143 3124 suo

198 3181 271 3226 eam
299 3161 401 3226 lateri
416 3162 534 3225 deesse
551 3181 621 3224 nou
643 3167 833 3242 pateretur,
850 3160 911 3224 sed
934 3180 1070 3243 semper
1083 3161 1145 3224 tri-

198 3262 338 3326 clinium
355 3259 431 3343 ejus
451 3279 515 3325 suo
537 3260 776 3343 conjungeret.
828 3259 922 3322 Dum
936 3259 1044 3339 igitur
1057 3279 1144 3340 qua·

198 3360 278 3424 dam
304 3360 438 3442 hyeme,
462 3379 541 3442 quae
564 3359 701 3423 nivibus
727 3365 763 3422 et
785 3358 919 3438 pruinis
945 3375 1069 3439 aspera
1092 3360 1144 3420 in-

198 3459 393 3537 horruerat,
406 3479 475 3523 uno
492 3458 551 3521 diu
571 3457 648 3521 loco
671 3454 893 3533 detineretur,
908 3455 1052 3520 clericus
1068 3457 1145 3538 qui·

199 3559 280 3644 dam
307 3558 459 3634 curialis),
482 3556 685 3621 familiarior
711 3555 811 3640 justo
837 3555 962 3638 puellae
992 3554 1145 3633 effectus»,

198 3659 318 3722 crebro
343 3664 530 3722 nocturnas
547 3655 583 3719 in
605 3655 764 3719 cubiculo
785 3653 861 3738 ejus
884 3654 1079 3737 protelabat
1094 3655 1148 3718 vi·

199 3757 322 3839 gilias3
354 3765 390 3821 et
414 3756 603 3839 quamlibet
636 3752 848 3818 multimodis
886 3753 1146 3835 tergiversatio·

237 4001 244 4032 ¹
256 4002 341 4064 Lina]
353 4002 385 4049 E.
395 4016 402 4061 ;
413 4001 474 4061 Dei,
485 3998 583 4049 ΑΜ.
591 3999 625 4048 D.
632 3999 663 4048 L.
724 3995 734 4025 ⁴
745 3996 926 4060 Apphadana]
938 3995 970 4046 A.
979 3997 1009 4045 S.
1017 3998 1051 4046 D.
1059 3998 1091 4046 Ε.
1099 3997 1130 4045 L.
1142 4013 1149 4056 ;

203 4143 208 4154 ⁸
236 4069 246 4101 ²
260 4071 432 4133 Conponunt]
445 4071 478 4118 A.
490 4071 519 4118 C.
532 4069 664 4128 D.E.L.;
690 4068 850 4130 plaudentes,
863 4068 892 4116 Ο.

201 4140 412 4276 'mlllllddrlt'lld
432 4209 479 4271 S.;
496 4209 573 4271 quod,
587 4208 615 4258 C.
629 4207 663 4256 D.
725 4204 734 4232 ⁶
749 4199 937 4271 cernebatur]
961 4189 997 4252 Ἀ.
1010 4203 1044 4252 D.
1059 4205 1090 4253 Ε.
1103 4205 1132 4254 L.
1146 4223 1152 4265 ;

147 4285 151 4290 ”
204 4283 235 4329 Ε.
249 4282 279 4330 L.
690 4276 884 4336 coronabantur,
896 4275 925 4322 S.

984 4364 1032 4407 r2
