3170 5054
207 517 274 563 me.
292 499 335 580 r.]
435 513 549 562 essm
575 513 702 564 nescu
727 513 941 564 avoconem.
1116 493 1160 562 ll

211 671 263 735 nit
285 671 504 736 Britanniam
526 689 661 749 manus,
688 689 798 754 parva
822 671 972 755 quidem,
998 667 1059 734 sed
1083 687 1161 752 quae

210 772 422 853 paucitatem
440 790 542 852 suam
565 765 709 836 ¹virtute
731 770 880 849 fulciret,
902 771 1046 836 ducibus
1062 769 1162 833 Hen-
1147 787 1322 838 -ιιωμιωα

213 872 304 952 gisto
328 879 363 934 et
386 871 495 947 Hors,
521 871 709 936 commodae
733 871 859 935 indolis
879 870 1056 947 iratribus
1070 839 1239 932 handum

213 971 361 1035 obscura
385 971 494 1053 stirpe
516 971 609 1053 apud
636 990 717 1035 suos
741 971 913 1035 oriundis,
924 975 1048 1040 erant
1071 969 1163 1032 enim

213 1071 401 1153 abnepotes
438 1069 532 1134 illius
567 1071 797 1153 antiquissimi
828 1070 976 1144 woden,
1015 1069 1057 1132 de
1094 1088 1163 1151 quo

213 1171 366 1234 omnium
378 1189 466 1252 pene
479 1171 704 1234 barbararum
726 1170 881 1251 gentium
897 1167 1031 1251 regium
1053 1187 1163 1250 genus

213 1269 341 1338 lineam
366 1268 484 1345 trahit,
505 1289 675 1352 quemque
698 1278 818 1350 gentes
842 1267 1037 1352 Anglorum
1060 1268 1163 1333 deum

215 1387 290 1431 esse
314 1369 512 1446 delirantes,
538 1369 571 1433 ei
591 1377 753 1450 quartum
776 1369 866 1434 diem
889 1369 1104 1452 septimanae,
1127 1375 1163 1431 et

214 1474 353 1532 sextum
376 1469 478 1532 uxori
499 1487 571 1531 suae
596 1469 708 1544 Freee,
732 1477 898 1551 perpetuo
922 1468 967 1532 ad
992 1467 1057 1531 hoc
1075 1473 1162 1532 tem-

215 1587 280 1649 pus
307 1574 596 1632 consecraverunt
620 1567 813 1649 sacrilegio.
865 1568 910 1632 In
932 1567 1056 1651 quibus
1080 1587 1163 1632 vero

214 1667 300 1730 locis
315 1667 506 1731 Britanniae
516 1665 624 1749 Angli
633 1669 690 1733 vel
700 1667 857 1732 Saxones
869 1667 924 1732 vel
938 1661 1052 1731 ²Jutae
1062 1664 1160 1729 habi·

216 1766 382 1830 tationem
397 1767 610 1844 locaverunt,
625 1761 741 1830 ³Beda
752 1787 822 1832 non
841 1775 945 1832 tacet.
992 1765 1161 1830 Nostrum

215 1867 429 1948 propositum
440 1873 505 1942 est,
519 1866 677 1949 quamvis
691 1866 811 1931 affluat
825 1867 981 1942 materia,
997 1865 1078 1929 stilo
1092 1884 1163 1930 non

216 1965 407 2047 indulgere,
420 1965 480 2028 sed
494 1973 630 2030 tantum
645 1967 839 2031 necessaria
853 1986 1000 2050 quaeque
1013 1963 1134 2030 libare.

269 2065 287 2148 §
302 2065 334 2130 6.
344 2059 590 2130 *Venientibus
611 2065 719 2148 igitur
731 2064 858 2148 Anglis
880 2067 1030 2149 undique
1045 2084 1165 2128 occur·

215 2183 293 2227 sum
306 2185 314 2228 :
333 2185 355 2228 a
368 2185 449 2246 rege
462 2165 645 2247 impertitae
656 2167 791 2248 gratiae,
803 2185 825 2230 a
834 2168 963 2248 populo
972 2165 1099 2229 effusus
1113 2163 1165 2228 sa·

215 2283 291 2340 vor,
308 2265 391 2329 data
401 2264 467 2328 fide
475 2272 696 2347 acceptaque
705 2273 740 2329 et
751 2266 879 2330 tradite
889 2263 1168 2329 Tanatosinsnla

215 2363 382 2428 incolatui
397 2383 514 2427 eorum
529 2365 746 2429 subventum.
791 2363 950 2430 Accessit
964 2375 999 2428 et
1014 2371 1166 2446 pactum,
1180 2379 1240 2428 uer
1253 2378 1317 2418 πιθα

216 2471 257 2526 ut
269 2463 320 2525 illi
333 2458 477 2547 ⁵junctis
491 2465 694 2527 umbonibus
709 2465 851 2528 sudores
865 2484 947 2529 suos
961 2465 1084 2547 patriae
1103 2462 1168 2526 im·
1153 2429 1299 2520 baffi?
1279 2429 1299 2468 ¹
1307 2429 1331 2470 ⁰¹

215 2562 419 2644 penderent,
442 2562 612 2645 recepturi
633 2564 865 2628 emolumenta
886 2565 1018 2627 militiae
1045 2565 1088 2626 ab
1112 2561 1167 2624 his

218 2680 366 2744 quorum
388 2662 493 2726 saluti
504 2663 642 2743 vigilias
663 2664 927 2745 praetenderent.
980 2661 1175 2726 Paululum,

218 2761 255 2824 in
268 2761 380 2826 medio
393 2781 511 2838 morae,
526 2769 563 2826 et
580 2781 659 2827 ecce
675 2763 814 2827 Scottos
829 2762 1067 2838 adventantes,
1082 2760 1167 2822 faci-

219 2860 312 2941 lique
324 2861 465 2942 negotio
476 2880 649 2925 cessuram
664 2862 729 2926 sibi
741 2869 780 2926 ut
795 2882 901 2943 supra
912 2860 1064 2944 praedam
1074 2860 1167 2922 aesti-

221 2967 368 3037 manteS,
379 2959 485 3042 Angli
500 2961 690 3026 invadunt:
705 2962 756 3025 illi
771 2961 832 3026 vix
847 2961 928 3025 dum
939 2961 1066 3024 collato
1081 2959 1168 3042 pede

221 3057 339 3140 sugam
351 3063 574 3142 componunt,
588 3060 779 3141 fugitantes
794 3080 899 3143 eques
912 3054 1135 3124 ⁶consecutns
1146 3078 1169 3123 a

221 3165 322 3240 tergo
345 3159 478 3224 cecidit.
523 3159 580 3222 Sic
594 3179 664 3225 uon
683 3160 789 3224 semel
807 3168 997 3224 certatum:
1022 3178 1168 3241 cumque

221 3277 357 3340 semper
370 3259 516 3323 victoria
537 3261 745 3323 consentiret
761 3259 897 3341 Anglis,
922 3266 962 3323 ut
984 3257 1054 3322 fere
1077 3258 1116 3322 fit
1132 3259 1168 3320 in

221 3358 323 3420 rebus
337 3359 545 3434 mortalium,
559 3366 594 3422 et
606 3359 681 3422 istis
696 3379 875 3423 successus
890 3358 1046 3424 accendit
1061 3356 1168 3421 auda·

221 3457 322 3535 ciam,
337 3466 372 3522 et
386 3457 455 3521 illis
471 3458 574 3521 timor
586 3459 674 3523 aluit
688 3459 864 3540 ignaviam
877 3479 886 3535 3
902 3477 1011 3540 eoque
1023 3476 1078 3519 res
1089 3475 1168 3539 pro·

222 3557 327 3620 cessit
336 3563 376 3620 ut
390 3556 474 3620 nihil
489 3558 601 3638 magis
616 3558 727 3622 Scotti
742 3578 847 3640 quam
861 3576 939 3621 cum
953 3554 1080 3637 Anglis
1095 3574 1168 3618 ma-

223 3675 288 3721 nus
303 3675 483 3720 conserere
499 3664 672 3721 caverent.

259 3892 268 3923 ¹
290 3894 409 3958 Virtute]
426 3894 455 3944 S.
473 3895 506 3944 Ε.
519 3895 566 3956 L.;
585 3896 685 3944 virtuti·
712 3898 893 3960 prinesfleot
916 3897 1048 3964 (Ebstieet,
1076 3897 1103 3944 in
1129 3897 1172 3945 the

223 3968 281 4024 bus,
291 3963 326 4013 D.
336 3963 374 4012 M.
710 3965 923 4030 isleol'l'hanet).
958 3967 1018 4014 Sux.
1031 3965 1125 4015 Chron.

256 4031 367 4097 wate]
377 4032 433 4082 One
440 4033 498 4082 MS.
504 4033 583 4099 (Cott.
591 4034 684 4084 Claud.
746 4065 758 4096 ι
766 4069 867 4118 mm
878 4066 1038 4129 mmm]
1050 4064 1084 4115 Α,
1098 4069 1127 4116 ο,
1136 4067 1172 4118 D,

225 4101 505 4222 “ffffl‘ffiffl
623 4174 628 4186 .
712 4139 744 4188 r.
756 4138 787 4187 c.
808 4139 865 4197 rr.;
886 4136 1047 4199 umbonibus,
1062 4137 1113 4199 ra,
1135 4138 1174 4186 rn-

224 4190 320 4292 m‘
359 4167 504 4242 mm]
518 4173 600 4236 Μ’
611 4175 656 4224 ¹¹¹²·
665 4185 684 4222 ¹·
711 4209 786 4262 victa
796 4207 956 4268 umbonibus,
967 4205 997 4262 s,

259 4310 444 4362 ⁴Vm‘eatibus
465 4310 546 4373 igitur
569 4307 683 4380 Anglis,]
747 4303 938 4376 ⁶Coarecutus.]
959 4309 989 4358 G.
1009 4308 1044 4362 D.
1064 4309 1098 4362 E.
1118 4307 1175 4372 M.;

226 4381 343 4444 Hengest
372 4381 423 4430 aud
446 4381 515 4434 Hors
539 4382 632 4432 lauded
660 4388 687 4432 at
711 4380 850 4458 insecutus,
861 4379 895 4430 A.
908 4378 937 4430 S.
950 4378 981 4432 L.
1035 4401 1037 4406 v
