<?xml version="1.0" encoding="UTF-8"?>
<!DOCTYPE html PUBLIC "-//W3C//DTD XHTML 1.0 Transitional//EN"
    "http://www.w3.org/TR/xhtml1/DTD/xhtml1-transitional.dtd">
<html xmlns="http://www.w3.org/1999/xhtml" xml:lang="en" lang="en">
 <head>
  <title>
</title>
<meta http-equiv="Content-Type" content="text/html;charset=utf-8" />
  <meta name='ocr-system' content='tesseract 3.04.00' />
  <meta name='ocr-capabilities' content='ocr_page ocr_carea ocr_par ocr_line ocrx_word'/>
</head>
<body>
  <div class='ocr_page' id='page_1' title='image "./willelmimalmesb01hardgoog_0238.png"; bbox 0 0 3180 5048; ppageno 0'>
   <div class='ocr_carea' id='block_1_1' title="bbox 408 487 1360 589">
    <p class='ocr_par' dir='ltr' id='par_1_1' title="bbox 408 487 1360 589">
     <span class='ocr_line' id='line_1_1' title="bbox 408 487 1360 589; baseline -0.007 -24"><span class='ocrx_word' id='word_1_1' title='bbox 408 495 474 565; x_wconf 78' lang='lat'><strong>224</strong></span> <span class='ocrx_word' id='word_1_2' title='bbox 622 489 744 589; x_wconf 57' lang='lat' dir='ltr'><strong>fensrn</strong></span> <span class='ocrx_word' id='word_1_3' title='bbox 771 505 899 560; x_wconf 82' lang='lat' dir='ltr'><strong>nn&#39;ouu</strong></span> <span class='ocrx_word' id='word_1_4' title='bbox 923 509 1138 561; x_wconf 78' lang='lat' dir='ltr'><strong>Anouonuu.</strong></span> <span class='ocrx_word' id='word_1_5' title='bbox 1218 487 1305 578; x_wconf 78' lang='lat' dir='ltr'><strong>[cru.</strong></span> <span class='ocrx_word' id='word_1_6' title='bbox 1323 513 1360 558; x_wconf 87' lang='lat'><strong>11.</strong></span> 
     </span>
    </p>
   </div>
   <div class='ocr_carea' id='block_1_2' title="bbox 409 659 1364 3725">
    <p class='ocr_par' dir='ltr' id='par_1_2' title="bbox 409 659 1364 3408">
     <span class='ocr_line' id='line_1_2' title="bbox 409 659 1362 752; baseline -0.001 -20"><span class='ocrx_word' id='word_1_7' title='bbox 409 677 483 732; x_wconf 90' lang='lat' dir='ltr'><strong>tum</strong></span> <span class='ocrx_word' id='word_1_8' title='bbox 516 659 732 752; x_wconf 89' lang='lat' dir='ltr'><strong>quorundam</strong></span> <span class='ocrx_word' id='word_1_9' title='bbox 765 669 963 732; x_wconf 82' lang='lat' dir='ltr'><strong>mussitatio</strong></span> <span class='ocrx_word' id='word_1_10' title='bbox 1006 669 1100 750; x_wconf 89' lang='lat' dir='ltr'><strong>apud</strong></span> <span class='ocrx_word' id='word_1_11' title='bbox 1133 668 1286 733; x_wconf 91' lang='lat' dir='ltr'><strong>animum</strong></span> <span class='ocrx_word' id='word_1_12' title='bbox 1324 667 1362 732; x_wconf 92' lang='lat' dir='ltr'><strong>in</strong></span> 
     </span>
     <span class='ocr_line' id='line_1_3' title="bbox 410 767 1361 849; baseline 0 -19"><span class='ocrx_word' id='word_1_13' title='bbox 410 769 538 832; x_wconf 87' lang='lat' dir='ltr'><strong>multas</strong></span> <span class='ocrx_word' id='word_1_14' title='bbox 581 788 683 832; x_wconf 86' lang='lat' dir='ltr'><strong>curas</strong></span> <span class='ocrx_word' id='word_1_15' title='bbox 722 768 910 833; x_wconf 86' lang='lat' dir='ltr'><strong>distentum</strong></span> <span class='ocrx_word' id='word_1_16' title='bbox 944 767 1068 843; x_wconf 85' lang='lat' dir='ltr'><strong>valuit,</strong></span> <span class='ocrx_word' id='word_1_17' title='bbox 1104 774 1143 831; x_wconf 90' lang='lat' dir='ltr'><strong>ut</strong></span> <span class='ocrx_word' id='word_1_18' title='bbox 1175 768 1361 849; x_wconf 90' lang='lat' dir='ltr'><strong>ephoebum</strong></span> 
     </span>
     <span class='ocr_line' id='line_1_4' title="bbox 409 866 1360 948; baseline 0 -18"><span class='ocrx_word' id='word_1_19' title='bbox 409 869 515 930; x_wconf 90' lang='lat' dir='ltr'><strong>etiam</strong></span> <span class='ocrx_word' id='word_1_20' title='bbox 531 867 685 932; x_wconf 86' lang='lat' dir='ltr'><strong>externis</strong></span> <span class='ocrx_word' id='word_1_21' title='bbox 696 868 940 940; x_wconf 87' lang='lat' dir='ltr'><strong>miserandum,</strong></span> <span class='ocrx_word' id='word_1_22' title='bbox 953 867 1082 930; x_wconf 87' lang='lat' dir='ltr'><strong>oblitus</strong></span> <span class='ocrx_word' id='word_1_23' title='bbox 1093 866 1360 948; x_wconf 85' lang='lat' dir='ltr'><strong>consanguineae</strong></span> 
     </span>
     <span class='ocr_line' id='line_1_5' title="bbox 409 965 1360 1048; baseline 0 -20"><span class='ocrx_word' id='word_1_24' title='bbox 409 967 686 1042; x_wconf 63' lang='lat' dir='ltr'><strong>necessitudinis</strong></span> <span class='ocrx_word' id='word_1_25' title='bbox 706 967 897 1048; x_wconf 83' lang='lat' dir='ltr'><strong>expelleret</strong></span> <span class='ocrx_word' id='word_1_26' title='bbox 910 987 919 1046; x_wconf 85' lang='lat'>3</span> <span class='ocrx_word' id='word_1_27' title='bbox 941 965 1099 1032; x_wconf 90' lang='lat' dir='ltr'><strong>inaudito</strong></span> <span class='ocrx_word' id='word_1_28' title='bbox 1114 985 1198 1028; x_wconf 86' lang='lat' dir='ltr'><strong>sane</strong></span> <span class='ocrx_word' id='word_1_29' title='bbox 1213 966 1360 1029; x_wconf 87' lang='lat' dir='ltr'><strong>crudeli-</strong></span> 
     </span>
     <span class='ocr_line' id='line_1_6' title="bbox 410 1064 1360 1146; baseline 0 -18"><span class='ocrx_word' id='word_1_30' title='bbox 410 1067 493 1129; x_wconf 84' lang='lat' dir='ltr'>tatis</span> <span class='ocrx_word' id='word_1_31' title='bbox 510 1065 624 1142; x_wconf 88' lang='lat' dir='ltr'><strong>mcdo,</strong></span> <span class='ocrx_word' id='word_1_32' title='bbox 644 1073 685 1129; x_wconf 91' lang='lat' dir='ltr'><strong>ut</strong></span> <span class='ocrx_word' id='word_1_33' title='bbox 710 1064 805 1129; x_wconf 91' lang='lat' dir='ltr'><strong>solus</strong></span> <span class='ocrx_word' id='word_1_34' title='bbox 829 1085 908 1128; x_wconf 91' lang='lat' dir='ltr'><strong>cum</strong></span> <span class='ocrx_word' id='word_1_35' title='bbox 937 1065 1108 1146; x_wconf 87' lang='lat' dir='ltr'><strong>armigero</strong></span> <span class='ocrx_word' id='word_1_36' title='bbox 1134 1084 1258 1128; x_wconf 86' lang='lat' dir='ltr'><strong>navem</strong></span> <span class='ocrx_word' id='word_1_37' title='bbox 1281 1085 1360 1128; x_wconf 89' lang='lat' dir='ltr'><strong>con-</strong></span> 
     </span>
     <span class='ocr_line' id='line_1_7' title="bbox 409 1158 1358 1248; baseline -0.001 -21"><span class='ocrx_word' id='word_1_38' title='bbox 409 1165 573 1229; x_wconf 90' lang='lat' dir='ltr'><strong>scendere</strong></span> <span class='ocrx_word' id='word_1_39' title='bbox 592 1165 786 1248; x_wconf 89' lang='lat' dir='ltr'><strong>juberetur,</strong></span> <span class='ocrx_word' id='word_1_40' title='bbox 806 1158 952 1244; x_wconf 90' lang='lat' dir='ltr'><strong>¹remige</strong></span> <span class='ocrx_word' id='word_1_41' title='bbox 980 1172 1016 1227; x_wconf 92' lang='lat' dir='ltr'><strong>et</strong></span> <span class='ocrx_word' id='word_1_42' title='bbox 1033 1164 1178 1244; x_wconf 90' lang='lat' dir='ltr'><strong>remigio</strong></span> <span class='ocrx_word' id='word_1_43' title='bbox 1198 1183 1358 1240; x_wconf 84' lang='lat' dir='ltr'><strong>vacuam,</strong></span> 
     </span>
     <span class='ocr_line' id='line_1_8' title="bbox 410 1256 1363 1346; baseline -0.002 -20"><span class='ocrx_word' id='word_1_44' title='bbox 410 1256 579 1346; x_wconf 84' lang='lat' dir='ltr'><strong>praeterea</strong></span> <span class='ocrx_word' id='word_1_45' title='bbox 595 1257 974 1346; x_wconf 79' lang='lat' dir='ltr'><strong>vetustate²quassam</strong></span> <span class='ocrx_word' id='word_1_46' title='bbox 1016 1262 1089 1325; x_wconf 90' lang='lat' dir='ltr'><strong>Diu</strong></span> <span class='ocrx_word' id='word_1_47' title='bbox 1100 1263 1275 1328; x_wconf 87' lang='lat' dir='ltr'><strong>laboravit</strong></span> <span class='ocrx_word' id='word_1_48' title='bbox 1290 1262 1363 1326; x_wconf 78' lang='lat' dir='ltr'><strong>for·</strong></span> 
     </span>
     <span class='ocr_line' id='line_1_9' title="bbox 410 1355 1359 1427; baseline -0.001 -1"><span class='ocrx_word' id='word_1_49' title='bbox 410 1370 496 1426; x_wconf 89' lang='lat' dir='ltr'><strong>tuna</strong></span> <span class='ocrx_word' id='word_1_50' title='bbox 521 1371 562 1427; x_wconf 93' lang='lat' dir='ltr'><strong>ut</strong></span> <span class='ocrx_word' id='word_1_51' title='bbox 587 1363 759 1427; x_wconf 81' lang='lat' dir='ltr'><strong>insontem</strong></span> <span class='ocrx_word' id='word_1_52' title='bbox 781 1369 882 1426; x_wconf 85' lang='lat' dir='ltr'><strong>terrae</strong></span> <span class='ocrx_word' id='word_1_53' title='bbox 915 1355 1134 1426; x_wconf 86' lang='lat' dir='ltr'><strong>restitueret.¹</strong></span> <span class='ocrx_word' id='word_1_54' title='bbox 1180 1362 1246 1425; x_wconf 87' lang='lat' dir='ltr'><strong>Sed</strong></span> <span class='ocrx_word' id='word_1_55' title='bbox 1281 1374 1359 1425; x_wconf 89' lang='lat' dir='ltr'><strong>cum</strong></span> 
     </span>
     <span class='ocr_line' id='line_1_10' title="bbox 409 1453 1360 1526; baseline -0.001 0"><span class='ocrx_word' id='word_1_56' title='bbox 409 1454 556 1526; x_wconf 86' lang='lat' dir='ltr'><strong>tandem</strong></span> <span class='ocrx_word' id='word_1_57' title='bbox 574 1462 612 1526; x_wconf 93' lang='lat' dir='ltr'><strong>in</strong></span> <span class='ocrx_word' id='word_1_58' title='bbox 635 1453 868 1525; x_wconf 87' lang='lat' dir='ltr'><strong>mediomari</strong></span> <span class='ocrx_word' id='word_1_59' title='bbox 898 1461 1049 1524; x_wconf 81' lang='lat' dir='ltr'><strong>furorem</strong></span> <span class='ocrx_word' id='word_1_60' title='bbox 1074 1468 1257 1524; x_wconf 86' lang='lat' dir='ltr'><strong>ventorum</strong></span> <span class='ocrx_word' id='word_1_61' title='bbox 1281 1461 1360 1525; x_wconf 88' lang='lat' dir='ltr'><strong>vela</strong></span> 
     </span>
     <span class='ocr_line' id='line_1_11' title="bbox 410 1549 1360 1638; baseline 0.002 -16"><span class='ocrx_word' id='word_1_62' title='bbox 410 1581 479 1625; x_wconf 87' lang='lat' dir='ltr'><strong>nnn</strong></span> <span class='ocrx_word' id='word_1_63' title='bbox 499 1562 722 1638; x_wconf 83' lang='lat' dir='ltr'><strong>sustinerent,</strong></span> <span class='ocrx_word' id='word_1_64' title='bbox 739 1560 810 1638; x_wconf 89' lang='lat' dir='ltr'><strong>ille,</strong></span> <span class='ocrx_word' id='word_1_65' title='bbox 827 1555 887 1622; x_wconf 78' lang='lat' dir='ltr'><strong>³ut</strong></span> <span class='ocrx_word' id='word_1_66' title='bbox 904 1560 1107 1623; x_wconf 85' lang='lat' dir='ltr'><strong>adolescens</strong></span> <span class='ocrx_word' id='word_1_67' title='bbox 1132 1559 1302 1624; x_wconf 89' lang='lat' dir='ltr'><strong>delicatus</strong></span> <span class='ocrx_word' id='word_1_68' title='bbox 1325 1549 1360 1624; x_wconf 89' lang='lat' dir='ltr'><strong>et</strong></span> 
     </span>
     <span class='ocr_line' id='line_1_12' title="bbox 409 1653 1359 1741; baseline -0.002 -17"><span class='ocrx_word' id='word_1_69' title='bbox 409 1661 492 1724; x_wconf 86' lang='lat' dir='ltr'><strong>vitae</strong></span> <span class='ocrx_word' id='word_1_70' title='bbox 519 1659 708 1741; x_wconf 89' lang='lat' dir='ltr'><strong>intalibus</strong></span> <span class='ocrx_word' id='word_1_71' title='bbox 731 1667 913 1741; x_wconf 78' lang='lat' dir='ltr'><strong>pertaesuS,</strong></span> <span class='ocrx_word' id='word_1_72' title='bbox 939 1653 1160 1726; x_wconf 54' lang='lat' dir='ltr'><strong>*voluntario</strong></span> <span class='ocrx_word' id='word_1_73' title='bbox 1182 1659 1219 1721; x_wconf 94' lang='lat' dir='ltr'><strong>in</strong></span> <span class='ocrx_word' id='word_1_74' title='bbox 1248 1678 1359 1741; x_wconf 88' lang='lat' dir='ltr'><strong>aquas</strong></span> 
     </span>
     <span class='ocr_line' id='line_1_13' title="bbox 409 1755 1360 1842; baseline 0 -20"><span class='ocrx_word' id='word_1_75' title='bbox 409 1760 603 1842; x_wconf 83' lang='lat' dir='ltr'><strong>praecipitio</strong></span> <span class='ocrx_word' id='word_1_76' title='bbox 628 1762 773 1824; x_wconf 80' lang='lat' dir='ltr'><strong>mortem</strong></span> <span class='ocrx_word' id='word_1_77' title='bbox 796 1759 978 1822; x_wconf 88' lang='lat' dir='ltr'><strong>conscivit.</strong></span> <span class='ocrx_word' id='word_1_78' title='bbox 1031 1755 1206 1838; x_wconf 82' lang='lat' dir='ltr'><strong>Armiger,</strong></span> <span class='ocrx_word' id='word_1_79' title='bbox 1231 1757 1360 1822; x_wconf 89' lang='lat' dir='ltr'><strong>saniori</strong></span> 
     </span>
     <span class='ocr_line' id='line_1_14' title="bbox 410 1857 1358 1940; baseline -0.001 -19"><span class='ocrx_word' id='word_1_80' title='bbox 410 1859 554 1923; x_wconf 89' lang='lat' dir='ltr'><strong>consilio</strong></span> <span class='ocrx_word' id='word_1_81' title='bbox 573 1878 698 1940; x_wconf 89' lang='lat' dir='ltr'><strong>passus</strong></span> <span class='ocrx_word' id='word_1_82' title='bbox 719 1859 870 1933; x_wconf 88' lang='lat' dir='ltr'><strong>animam</strong></span> <span class='ocrx_word' id='word_1_83' title='bbox 889 1857 1091 1939; x_wconf 87' lang='lat' dir='ltr'><strong>producere,</strong></span> <span class='ocrx_word' id='word_1_84' title='bbox 1107 1857 1209 1921; x_wconf 92' lang='lat' dir='ltr'><strong>modo</strong></span> <span class='ocrx_word' id='word_1_85' title='bbox 1235 1857 1358 1921; x_wconf 54' lang='lat' dir='ltr'><strong>adver*</strong></span> 
     </span>
     <span class='ocr_line' id='line_1_15' title="bbox 409 1956 1364 2038; baseline -0.002 -18"><span class='ocrx_word' id='word_1_86' title='bbox 409 1977 470 2021; x_wconf 90' lang='lat' dir='ltr'><strong>sus</strong></span> <span class='ocrx_word' id='word_1_87' title='bbox 499 1958 626 2021; x_wconf 87' lang='lat' dir='ltr'><strong>fluctus</strong></span> <span class='ocrx_word' id='word_1_88' title='bbox 658 1956 839 2034; x_wconf 89' lang='lat' dir='ltr'><strong>eludendo,</strong></span> <span class='ocrx_word' id='word_1_89' title='bbox 873 1957 975 2021; x_wconf 92' lang='lat' dir='ltr'><strong>modo</strong></span> <span class='ocrx_word' id='word_1_90' title='bbox 1010 1956 1156 2038; x_wconf 91' lang='lat' dir='ltr'><strong>pedibus</strong></span> <span class='ocrx_word' id='word_1_91' title='bbox 1191 1957 1364 2019; x_wconf 82' lang='lat' dir='ltr'><strong>subremi-</strong></span> 
     </span>
     <span class='ocr_line' id='line_1_16' title="bbox 411 2055 1359 2138; baseline -0.001 -18"><span class='ocrx_word' id='word_1_92' title='bbox 411 2057 538 2138; x_wconf 86' lang='lat' dir='ltr'><strong>gando,</strong></span> <span class='ocrx_word' id='word_1_93' title='bbox 555 2057 685 2120; x_wconf 89' lang='lat' dir='ltr'><strong>domini</strong></span> <span class='ocrx_word' id='word_1_94' title='bbox 705 2075 830 2137; x_wconf 91' lang='lat' dir='ltr'><strong>corpus</strong></span> <span class='ocrx_word' id='word_1_95' title='bbox 853 2056 897 2118; x_wconf 90' lang='lat' dir='ltr'><strong>ad</strong></span> <span class='ocrx_word' id='word_1_96' title='bbox 920 2062 1048 2118; x_wconf 89' lang='lat' dir='ltr'><strong>terram</strong></span> <span class='ocrx_word' id='word_1_97' title='bbox 1067 2055 1194 2118; x_wconf 92' lang='lat' dir='ltr'><strong>detulit</strong></span> <span class='ocrx_word' id='word_1_98' title='bbox 1209 2062 1359 2136; x_wconf 87' lang='lat' dir='ltr'><strong>angusto</strong></span> 
     </span>
     <span class='ocr_line' id='line_1_17' title="bbox 412 2154 1359 2220; baseline -0.002 -2"><span class='ocrx_word' id='word_1_99' title='bbox 412 2157 544 2220; x_wconf 87' lang='lat' dir='ltr'><strong>scilicet</strong></span> <span class='ocrx_word' id='word_1_100' title='bbox 569 2175 590 2218; x_wconf 89' lang='lat' dir='ltr'><strong>a</strong></span> <span class='ocrx_word' id='word_1_101' title='bbox 613 2155 831 2219; x_wconf 88' lang='lat' dir='ltr'><strong>Dorobernia</strong></span> <span class='ocrx_word' id='word_1_102' title='bbox 852 2155 889 2216; x_wconf 90' lang='lat' dir='ltr'><strong>in</strong></span> <span class='ocrx_word' id='word_1_103' title='bbox 906 2154 1063 2218; x_wconf 87' lang='lat' dir='ltr'><strong>Witsant</strong></span> <span class='ocrx_word' id='word_1_104' title='bbox 1085 2155 1183 2217; x_wconf 88' lang='lat' dir='ltr'><strong>mari.</strong></span> <span class='ocrx_word' id='word_1_105' title='bbox 1237 2154 1359 2218; x_wconf 91' lang='lat' dir='ltr'><strong>Ethel-</strong></span> 
     </span>
     <span class='ocr_line' id='line_1_18' title="bbox 411 2252 1359 2337; baseline -0.001 -20"><span class='ocrx_word' id='word_1_106' title='bbox 411 2261 546 2332; x_wconf 87' lang='lat' dir='ltr'><strong>stanus,</strong></span> <span class='ocrx_word' id='word_1_107' title='bbox 579 2262 764 2337; x_wconf 90' lang='lat' dir='ltr'><strong>postquam</strong></span> <span class='ocrx_word' id='word_1_108' title='bbox 797 2254 850 2316; x_wconf 93' lang='lat' dir='ltr'><strong>ira</strong></span> <span class='ocrx_word' id='word_1_109' title='bbox 882 2252 1063 2329; x_wconf 87' lang='lat' dir='ltr'><strong>deferbuit,</strong></span> <span class='ocrx_word' id='word_1_110' title='bbox 1095 2254 1210 2315; x_wconf 90' lang='lat' dir='ltr'><strong>animo</strong></span> <span class='ocrx_word' id='word_1_111' title='bbox 1239 2253 1359 2316; x_wconf 88' lang='lat' dir='ltr'><strong>sedato</strong></span> 
     </span>
     <span class='ocr_line' id='line_1_19' title="bbox 412 2353 1360 2434; baseline -0.002 -17"><span class='ocrx_word' id='word_1_112' title='bbox 412 2353 542 2418; x_wconf 86' lang='lat' dir='ltr'><strong>factum</strong></span> <span class='ocrx_word' id='word_1_113' title='bbox 577 2353 768 2429; x_wconf 85' lang='lat' dir='ltr'><strong>exhorruit,</strong></span> <span class='ocrx_word' id='word_1_114' title='bbox 802 2353 1029 2434; x_wconf 90' lang='lat' dir='ltr'><strong>septennique</strong></span> <span class='ocrx_word' id='word_1_115' title='bbox 1063 2353 1270 2434; x_wconf 86' lang='lat' dir='ltr'><strong>poenitentia</strong></span> <span class='ocrx_word' id='word_1_116' title='bbox 1303 2371 1360 2415; x_wconf 90' lang='lat' dir='ltr'><strong>ac-</strong></span> 
     </span>
     <span class='ocr_line' id='line_1_20' title="bbox 412 2444 1359 2535; baseline -0.003 -19"><span class='ocrx_word' id='word_1_117' title='bbox 412 2461 525 2535; x_wconf 91' lang='lat' dir='ltr'><strong>cepta,</strong></span> <span class='ocrx_word' id='word_1_118' title='bbox 556 2454 593 2516; x_wconf 93' lang='lat' dir='ltr'><strong>in</strong></span> <span class='ocrx_word' id='word_1_119' title='bbox 623 2452 811 2516; x_wconf 82' lang='lat' dir='ltr'><strong>delatorem</strong></span> <span class='ocrx_word' id='word_1_120' title='bbox 843 2450 973 2515; x_wconf 83' lang='lat' dir='ltr'><strong>fratris</strong></span> <span class='ocrx_word' id='word_1_121' title='bbox 994 2452 1147 2514; x_wconf 89' lang='lat' dir='ltr'><strong>animose</strong></span> <span class='ocrx_word' id='word_1_122' title='bbox 1165 2444 1265 2514; x_wconf 56' lang='lat' dir='ltr'><strong>&#39;ultus</strong></span> <span class='ocrx_word' id='word_1_123' title='bbox 1295 2458 1359 2514; x_wconf 89' lang='lat' dir='ltr'><strong>est.</strong></span> 
     </span>
     <span class='ocr_line' id='line_1_21' title="bbox 411 2549 1360 2635; baseline -0.001 -21"><span class='ocrx_word' id='word_1_124' title='bbox 411 2552 498 2616; x_wconf 88' lang='lat' dir='ltr'><strong>Erat</strong></span> <span class='ocrx_word' id='word_1_125' title='bbox 521 2553 580 2617; x_wconf 89' lang='lat' dir='ltr'><strong>ille</strong></span> <span class='ocrx_word' id='word_1_126' title='bbox 605 2553 770 2635; x_wconf 88' lang='lat' dir='ltr'><strong>pincerna</strong></span> <span class='ocrx_word' id='word_1_127' title='bbox 796 2551 899 2631; x_wconf 78' lang='lat' dir='ltr'><strong>regiS,</strong></span> <span class='ocrx_word' id='word_1_128' title='bbox 916 2558 952 2614; x_wconf 91' lang='lat' dir='ltr'><strong>et</strong></span> <span class='ocrx_word' id='word_1_129' title='bbox 974 2571 1036 2632; x_wconf 92' lang='lat' dir='ltr'><strong>per</strong></span> <span class='ocrx_word' id='word_1_130' title='bbox 1060 2549 1126 2612; x_wconf 92' lang='lat' dir='ltr'><strong>hoc</strong></span> <span class='ocrx_word' id='word_1_131' title='bbox 1152 2550 1195 2612; x_wconf 92' lang='lat' dir='ltr'><strong>ad</strong></span> <span class='ocrx_word' id='word_1_132' title='bbox 1217 2569 1360 2632; x_wconf 90' lang='lat' dir='ltr'><strong>persua-</strong></span> 
     </span>
     <span class='ocr_line' id='line_1_22' title="bbox 411 2648 1360 2734; baseline -0.001 -21"><span class='ocrx_word' id='word_1_133' title='bbox 411 2650 523 2714; x_wconf 90' lang='lat' dir='ltr'><strong>denda</strong></span> <span class='ocrx_word' id='word_1_134' title='bbox 551 2672 629 2734; x_wconf 88' lang='lat' dir='ltr'><strong>quae</strong></span> <span class='ocrx_word' id='word_1_135' title='bbox 660 2650 896 2732; x_wconf 84' lang='lat' dir='ltr'><strong>excogitasset</strong></span> <span class='ocrx_word' id='word_1_136' title='bbox 929 2648 1180 2713; x_wconf 89' lang='lat' dir='ltr'><strong>accommodus.</strong></span> <span class='ocrx_word' id='word_1_137' title='bbox 1234 2649 1360 2731; x_wconf 86' lang='lat' dir='ltr'><strong>Itaque</strong></span> 
     </span>
     <span class='ocr_line' id='line_1_23' title="bbox 411 2749 1359 2830; baseline -0.001 -18"><span class='ocrx_word' id='word_1_138' title='bbox 411 2769 489 2812; x_wconf 89' lang='lat' dir='ltr'><strong>cum</strong></span> <span class='ocrx_word' id='word_1_139' title='bbox 505 2750 594 2815; x_wconf 86' lang='lat' dir='ltr'><strong>forte</strong></span> <span class='ocrx_word' id='word_1_140' title='bbox 610 2752 665 2815; x_wconf 89' lang='lat' dir='ltr'><strong>die</strong></span> <span class='ocrx_word' id='word_1_141' title='bbox 684 2749 817 2814; x_wconf 87' lang='lat' dir='ltr'><strong>solenni</strong></span> <span class='ocrx_word' id='word_1_142' title='bbox 833 2749 953 2812; x_wconf 86' lang='lat' dir='ltr'><strong>vinnm</strong></span> <span class='ocrx_word' id='word_1_143' title='bbox 968 2749 1181 2830; x_wconf 90' lang='lat' dir='ltr'><strong>propinaret,</strong></span> <span class='ocrx_word' id='word_1_144' title='bbox 1194 2749 1231 2811; x_wconf 90' lang='lat' dir='ltr'><strong>in</strong></span> <span class='ocrx_word' id='word_1_145' title='bbox 1245 2749 1359 2812; x_wconf 91' lang='lat' dir='ltr'><strong>medio</strong></span> 
     </span>
     <span class='ocr_line' id='line_1_24' title="bbox 410 2847 1358 2931; baseline -0.003 -19"><span class='ocrx_word' id='word_1_146' title='bbox 410 2850 560 2914; x_wconf 89' lang='lat' dir='ltr'><strong>triclinio</strong></span> <span class='ocrx_word' id='word_1_147' title='bbox 585 2871 654 2914; x_wconf 91' lang='lat' dir='ltr'><strong>uno</strong></span> <span class='ocrx_word' id='word_1_148' title='bbox 680 2849 768 2931; x_wconf 92' lang='lat' dir='ltr'><strong>pede</strong></span> <span class='ocrx_word' id='word_1_149' title='bbox 792 2848 924 2929; x_wconf 89' lang='lat' dir='ltr'><strong>lapsus,</strong></span> <span class='ocrx_word' id='word_1_150' title='bbox 958 2847 1069 2912; x_wconf 90' lang='lat' dir='ltr'><strong>altero</strong></span> <span class='ocrx_word' id='word_1_151' title='bbox 1101 2866 1138 2910; x_wconf 88' lang='lat' dir='ltr'><strong>se</strong></span> <span class='ocrx_word' id='word_1_152' title='bbox 1161 2848 1358 2928; x_wconf 81' lang='lat' dir='ltr'><strong>recollegit3</strong></span> 
     </span>
     <span class='ocr_line' id='line_1_25' title="bbox 411 2946 1361 3028; baseline -0.001 -18"><span class='ocrx_word' id='word_1_153' title='bbox 411 2955 505 3024; x_wconf 91' lang='lat' dir='ltr'><strong>tunc,</strong></span> <span class='ocrx_word' id='word_1_154' title='bbox 520 2950 702 3013; x_wconf 80' lang='lat' dir='ltr'><strong>occasione</strong></span> <span class='ocrx_word' id='word_1_155' title='bbox 714 2954 870 3028; x_wconf 88' lang='lat' dir='ltr'><strong>accepta,</strong></span> <span class='ocrx_word' id='word_1_156' title='bbox 885 2947 991 3011; x_wconf 83' lang='lat' dir='ltr'><strong>fatale</strong></span> <span class='ocrx_word' id='word_1_157' title='bbox 1000 2946 1066 3010; x_wconf 87' lang='lat' dir='ltr'><strong>sibi</strong></span> <span class='ocrx_word' id='word_1_158' title='bbox 1076 2947 1219 3009; x_wconf 81' lang='lat' dir='ltr'><strong>verbum</strong></span> <span class='ocrx_word' id='word_1_159' title='bbox 1235 2947 1361 3022; x_wconf 88' lang='lat' dir='ltr'><strong>emisit,</strong></span> 
     </span>
     <span class='ocr_line' id='line_1_26' title="bbox 412 3044 1360 3128; baseline -0.003 -18"><span class='ocrx_word' id='word_1_160' title='bbox 412 3047 491 3110; x_wconf 90' lang='lat' dir='ltr'><strong>‘Sic</strong></span> <span class='ocrx_word' id='word_1_161' title='bbox 516 3047 624 3110; x_wconf 88' lang='lat' dir='ltr'><strong>frater</strong></span> <span class='ocrx_word' id='word_1_162' title='bbox 654 3046 797 3109; x_wconf 89' lang='lat' dir='ltr'><strong>fratrem</strong></span> <span class='ocrx_word' id='word_1_163' title='bbox 824 3045 993 3128; x_wconf 68' lang='lat' dir='ltr'><strong>adjuvat!</strong></span> <span class='ocrx_word' id='word_1_164' title='bbox 1045 3044 1126 3123; x_wconf 86' lang='lat' dir='ltr'><strong>Quo</strong></span> <span class='ocrx_word' id='word_1_165' title='bbox 1148 3065 1211 3108; x_wconf 85' lang='lat' dir='ltr'><strong>rex</strong></span> <span class='ocrx_word' id='word_1_166' title='bbox 1241 3045 1360 3109; x_wconf 86' lang='lat' dir='ltr'><strong>audito</strong></span> 
     </span>
     <span class='ocr_line' id='line_1_27' title="bbox 411 3141 1360 3227; baseline -0.004 -18"><span class='ocrx_word' id='word_1_167' title='bbox 411 3141 579 3227; x_wconf 84' lang='lat' dir='ltr'><strong>perfidum</strong></span> <span class='ocrx_word' id='word_1_168' title='bbox 606 3144 805 3210; x_wconf 89' lang='lat' dir='ltr'><strong>obtruncari</strong></span> <span class='ocrx_word' id='word_1_169' title='bbox 833 3145 1010 3227; x_wconf 84' lang='lat' dir='ltr'><strong>praecepit,</strong></span> <span class='ocrx_word' id='word_1_170' title='bbox 1037 3145 1166 3226; x_wconf 88' lang='lat' dir='ltr'><strong>saepius</strong></span> <span class='ocrx_word' id='word_1_171' title='bbox 1190 3145 1360 3207; x_wconf 88' lang='lat' dir='ltr'><strong>auxilium</strong></span> 
     </span>
     <span class='ocr_line' id='line_1_28' title="bbox 411 3243 1360 3327; baseline -0.002 -20"><span class='ocrx_word' id='word_1_172' title='bbox 411 3245 579 3324; x_wconf 82' lang='lat' dir='ltr'><strong>germani,</strong></span> <span class='ocrx_word' id='word_1_173' title='bbox 594 3246 624 3309; x_wconf 91' lang='lat' dir='ltr'><strong>si</strong></span> <span class='ocrx_word' id='word_1_174' title='bbox 640 3245 786 3320; x_wconf 87' lang='lat' dir='ltr'><strong>viveret,</strong></span> <span class='ocrx_word' id='word_1_175' title='bbox 809 3243 1033 3327; x_wconf 91' lang='lat' dir='ltr'><strong>increpitans,</strong></span> <span class='ocrx_word' id='word_1_176' title='bbox 1052 3251 1087 3307; x_wconf 91' lang='lat' dir='ltr'><strong>et</strong></span> <span class='ocrx_word' id='word_1_177' title='bbox 1100 3250 1244 3307; x_wconf 89' lang='lat' dir='ltr'><strong>mortem</strong></span> <span class='ocrx_word' id='word_1_178' title='bbox 1262 3245 1360 3324; x_wconf 83' lang='lat' dir='ltr'><strong>inge·</strong></span> 
     </span>
     <span class='ocr_line' id='line_1_29' title="bbox 411 3335 1331 3408; baseline -0.003 0"><span class='ocrx_word' id='word_1_179' title='bbox 411 3345 570 3408; x_wconf 88' lang='lat' dir='ltr'><strong>miscens.</strong></span> <span class='ocrx_word' id='word_1_180' title='bbox 1327 3335 1331 3342; x_wconf 54' lang='lat'><strong>⁴</strong></span> 
     </span>
    </p>

    <p class='ocr_par' dir='ltr' id='par_1_3' title="bbox 411 3441 1362 3725">
     <span class='ocr_line' id='line_1_30' title="bbox 417 3441 1362 3526; baseline -0.005 -19"><span class='ocrx_word' id='word_1_181' title='bbox 417 3453 421 3458; x_wconf 85' lang='grc'><strong>’</strong></span> <span class='ocrx_word' id='word_1_182' title='bbox 462 3443 568 3526; x_wconf 62' lang='lat' dir='ltr'><strong>§lala</strong></span> <span class='ocrx_word' id='word_1_183' title='bbox 602 3444 692 3507; x_wconf 87' lang='lat' dir='ltr'><strong>Haec</strong></span> <span class='ocrx_word' id='word_1_184' title='bbox 721 3445 763 3508; x_wconf 93' lang='lat' dir='ltr'><strong>de</strong></span> <span class='ocrx_word' id='word_1_185' title='bbox 797 3444 915 3509; x_wconf 86' lang='lat' dir='ltr'><strong>fratris</strong></span> <span class='ocrx_word' id='word_1_186' title='bbox 946 3463 1041 3520; x_wconf 89' lang='lat' dir='ltr'><strong>nece,</strong></span> <span class='ocrx_word' id='word_1_187' title='bbox 1068 3443 1134 3505; x_wconf 91' lang='lat' dir='ltr'><strong>etsi</strong></span> <span class='ocrx_word' id='word_1_188' title='bbox 1159 3441 1362 3504; x_wconf 84' lang='lat' dir='ltr'><strong>verisimilia</strong></span> 
     </span>
     <span class='ocr_line' id='line_1_31' title="bbox 411 3537 1360 3622; baseline -0.005 -16"><span class='ocrx_word' id='word_1_189' title='bbox 411 3537 601 3620; x_wconf 83' lang='lat' dir='ltr'><strong>⁵videntur,</strong></span> <span class='ocrx_word' id='word_1_190' title='bbox 628 3564 669 3606; x_wconf 93' lang='lat' dir='ltr'><strong>eo</strong></span> <span class='ocrx_word' id='word_1_191' title='bbox 691 3545 805 3608; x_wconf 90' lang='lat' dir='ltr'><strong>minus</strong></span> <span class='ocrx_word' id='word_1_192' title='bbox 835 3544 1019 3607; x_wconf 89' lang='lat' dir='ltr'><strong>corroboro</strong></span> <span class='ocrx_word' id='word_1_193' title='bbox 1044 3540 1137 3622; x_wconf 93' lang='lat' dir='ltr'><strong>quod</strong></span> <span class='ocrx_word' id='word_1_194' title='bbox 1167 3540 1360 3603; x_wconf 89' lang='lat' dir='ltr'><strong>mirabilem</strong></span> 
     </span>
     <span class='ocr_line' id='line_1_32' title="bbox 411 3639 1361 3725; baseline -0.004 -21"><span class='ocrx_word' id='word_1_195' title='bbox 411 3662 484 3706; x_wconf 85' lang='lat' dir='ltr'><strong>suae</strong></span> <span class='ocrx_word' id='word_1_196' title='bbox 511 3643 653 3724; x_wconf 90' lang='lat' dir='ltr'><strong>pietatis</strong></span> <span class='ocrx_word' id='word_1_197' title='bbox 679 3643 894 3725; x_wconf 81' lang='lat' dir='ltr'><strong>diligentiam</strong></span> <span class='ocrx_word' id='word_1_198' title='bbox 920 3642 957 3704; x_wconf 91' lang='lat' dir='ltr'><strong>in</strong></span> <span class='ocrx_word' id='word_1_199' title='bbox 978 3641 1131 3722; x_wconf 88' lang='lat' dir='ltr'><strong>reliquos</strong></span> <span class='ocrx_word' id='word_1_200' title='bbox 1157 3639 1283 3703; x_wconf 85' lang='lat' dir='ltr'><strong>fratres</strong></span> <span class='ocrx_word' id='word_1_201' title='bbox 1306 3639 1361 3701; x_wconf 56' lang='lat' dir='ltr'><strong>in⁴</strong></span> 
     </span>
    </p>
   </div>
   <div class='ocr_carea' id='block_1_3' title="bbox 410 3857 1364 3998">
    <p class='ocr_par' dir='ltr' id='par_1_4' title="bbox 410 3857 1364 3998">
     <span class='ocr_line' id='line_1_33' title="bbox 446 3857 1364 3928; baseline -0.012 -13"><span class='ocrx_word' id='word_1_202' title='bbox 446 3865 454 3896; x_wconf 88' lang='lat'>¹</span> <span class='ocrx_word' id='word_1_203' title='bbox 467 3865 591 3928; x_wconf 74' lang='lat' dir='ltr'><strong>Remigra]</strong></span> <span class='ocrx_word' id='word_1_204' title='bbox 612 3867 641 3914; x_wconf 86' lang='lat' dir='ltr'><strong>C.</strong></span> <span class='ocrx_word' id='word_1_205' title='bbox 653 3866 686 3914; x_wconf 83' lang='lat' dir='ltr'><strong>E.</strong></span> <span class='ocrx_word' id='word_1_206' title='bbox 698 3864 729 3913; x_wconf 77' lang='lat' dir='ltr'><strong>t.</strong></span> <span class='ocrx_word' id='word_1_207' title='bbox 740 3879 747 3923; x_wconf 82' lang='lat'><em>3</em></span> <span class='ocrx_word' id='word_1_208' title='bbox 765 3865 818 3912; x_wconf 88' lang='lat' dir='ltr'><strong>sine</strong></span> <span class='ocrx_word' id='word_1_209' title='bbox 836 3877 874 3911; x_wconf 90' lang='lat' dir='ltr'><strong>re·</strong></span> <span class='ocrx_word' id='word_1_210' title='bbox 936 3857 1097 3908; x_wconf 82' lang='lat' dir='ltr'><strong>⁴Volnntaric</strong></span> <span class='ocrx_word' id='word_1_211' title='bbox 1109 3857 1217 3920; x_wconf 73' lang='lat' dir='ltr'><strong>tanquan</strong></span> <span class='ocrx_word' id='word_1_212' title='bbox 1225 3858 1364 3920; x_wconf 73' lang='lat' dir='ltr'><strong>precipitio</strong></span> 
     </span>
     <span class='ocr_line' id='line_1_34' title="bbox 410 3922 1362 3998; baseline -0.012 -13"><span class='ocrx_word' id='word_1_213' title='bbox 410 3937 487 3998; x_wconf 84' lang='lat' dir='ltr'><strong>mige,</strong></span> <span class='ocrx_word' id='word_1_214' title='bbox 498 3935 531 3985; x_wconf 76' lang='lat' dir='ltr'><strong>A.</strong></span> <span class='ocrx_word' id='word_1_215' title='bbox 544 3936 573 3985; x_wconf 83' lang='lat' dir='ltr'><strong>S.</strong></span> <span class='ocrx_word' id='word_1_216' title='bbox 585 3935 620 3984; x_wconf 83' lang='lat' dir='ltr'><strong>D.</strong></span> <span class='ocrx_word' id='word_1_217' title='bbox 900 3933 1000 3976; x_wconf 77' lang='lat' dir='ltr'><strong>mortem</strong></span> <span class='ocrx_word' id='word_1_218' title='bbox 1019 3922 1158 3994; x_wconf 71' lang='lat' dir='ltr'><strong>concivit]</strong></span> <span class='ocrx_word' id='word_1_219' title='bbox 1180 3928 1289 3976; x_wconf 89' lang='lat' dir='ltr'><strong>Eadwin</strong></span> <span class='ocrx_word' id='word_1_220' title='bbox 1307 3941 1362 3975; x_wconf 84' lang='lat' dir='ltr'><strong>was</strong></span> 
     </span>
    </p>
   </div>
   <div class='ocr_carea' id='block_1_4' title="bbox 409 3997 1364 4336">
    <p class='ocr_par' dir='ltr' id='par_1_5' title="bbox 410 3997 1364 4185">
     <span class='ocr_line' id='line_1_35' title="bbox 445 3997 1364 4100; baseline -0.037 -30"><span class='ocrx_word' id='word_1_221' title='bbox 445 4035 638 4100; x_wconf 54' lang='lat' dir='ltr'><strong>ermmw</strong></span> <span class='ocrx_word' id='word_1_222' title='bbox 654 4036 680 4085; x_wconf 75' lang='lat' dir='ltr'><em>D</em></span> <span class='ocrx_word' id='word_1_223' title='bbox 699 4037 723 4084; x_wconf 75' lang='grc' dir='ltr'><strong><em>Ε</em></strong></span> <span class='ocrx_word' id='word_1_224' title='bbox 739 4036 785 4084; x_wconf 66' lang='lat' dir='ltr'><strong>L,</strong></span> <span class='ocrx_word' id='word_1_225' title='bbox 816 4049 874 4083; x_wconf 51' lang='lat' dir='ltr'><strong>uas·</strong></span> <span class='ocrx_word' id='word_1_226' title='bbox 900 3998 1021 4047; x_wconf 87' lang='lat' dir='ltr'><strong>drowned</strong></span> <span class='ocrx_word' id='word_1_227' title='bbox 1039 4001 1066 4045; x_wconf 88' lang='lat' dir='ltr'><strong>at</strong></span> <span class='ocrx_word' id='word_1_228' title='bbox 1084 4012 1128 4045; x_wconf 82' lang='lat' dir='ltr'><strong>sea</strong></span> <span class='ocrx_word' id='word_1_229' title='bbox 1146 3997 1216 4045; x_wconf 73' lang='lat' dir='ltr'><strong>Am.</strong></span> <span class='ocrx_word' id='word_1_230' title='bbox 1234 4000 1298 4055; x_wconf 75' lang='lat'><strong>9³³3</strong></span> <span class='ocrx_word' id='word_1_231' title='bbox 1318 3998 1364 4056; x_wconf 51' lang='lat' dir='ltr'><strong>¹si.</strong></span> 
     </span>
     <span class='ocr_line' id='line_1_36' title="bbox 639 4066 1362 4185; baseline -0.039 18.1"><span class='ocrx_word' id='word_1_232' title='bbox 639 4072 647 4087; x_wconf 83' lang='lat'>&#39;</span> <span class='ocrx_word' id='word_1_233' title='bbox 684 4073 689 4084; x_wconf 86' lang='grc'><strong>’</strong></span> <span class='ocrx_word' id='word_1_234' title='bbox 724 4072 731 4086; x_wconf 83' lang='grc'><em>’</em></span> <span class='ocrx_word' id='word_1_235' title='bbox 900 4066 1253 4185; x_wconf 63' lang='lat' dir='ltr'><strong>tristentur</strong></span> <span class='ocrx_word' id='word_1_236' title='bbox 1269 4068 1303 4126; x_wconf 61' lang='lat' dir='ltr'><strong>r</strong></span> <span class='ocrx_word' id='word_1_237' title='bbox 1319 4066 1362 4114; x_wconf 63' lang='lat'><strong>‘¹¹0</strong></span> 
     </span>
    </p>

    <p class='ocr_par' dir='ltr' id='par_1_6' title="bbox 409 4171 1363 4336">
     <span class='ocr_line' id='line_1_37' title="bbox 445 4171 1363 4276; baseline -0.021 -17"><span class='ocrx_word' id='word_1_238' title='bbox 445 4204 528 4276; x_wconf 67' lang='lat' dir='ltr'><strong>wa]</strong></span> <span class='ocrx_word' id='word_1_239' title='bbox 549 4209 579 4257; x_wconf 80' lang='lat'><strong>0.</strong></span> <span class='ocrx_word' id='word_1_240' title='bbox 592 4208 626 4257; x_wconf 84' lang='lat' dir='ltr'><strong>n.</strong></span> <span class='ocrx_word' id='word_1_241' title='bbox 646 4208 679 4256; x_wconf 82' lang='grc' dir='ltr'><strong>Ε.</strong></span> <span class='ocrx_word' id='word_1_242' title='bbox 696 4207 751 4267; x_wconf 85' lang='lat' dir='ltr'><strong>M.;</strong></span> <span class='ocrx_word' id='word_1_243' title='bbox 768 4205 873 4254; x_wconf 73' lang='lat' dir='ltr'><strong>omitted</strong></span> <span class='ocrx_word' id='word_1_244' title='bbox 936 4204 1102 4267; x_wconf 61' lang='lat' dir='ltr'><strong>waeran]</strong></span> <span class='ocrx_word' id='word_1_245' title='bbox 1121 4206 1150 4253; x_wconf 88' lang='lat' dir='ltr'><strong>c.</strong></span> <span class='ocrx_word' id='word_1_246' title='bbox 1171 4206 1206 4254; x_wconf 83' lang='lat' dir='ltr'><strong>n.</strong></span> <span class='ocrx_word' id='word_1_247' title='bbox 1227 4171 1275 4264; x_wconf 50' lang='lat'><strong>134</strong></span> <span class='ocrx_word' id='word_1_248' title='bbox 1293 4203 1363 4252; x_wconf 82' lang='lat' dir='ltr'><strong>vide-</strong></span> 
     </span>
     <span class='ocr_line' id='line_1_38' title="bbox 409 4274 1111 4336; baseline -0.007 -7"><span class='ocrx_word' id='word_1_249' title='bbox 409 4277 521 4327; x_wconf 68' lang='lat' dir='ltr'><strong>inas.</strong></span> <span class='ocrx_word' id='word_1_250' title='bbox 534 4278 564 4326; x_wconf 91' lang='lat' dir='ltr'><strong>L.</strong></span> <span class='ocrx_word' id='word_1_251' title='bbox 898 4274 1111 4336; x_wconf 81' lang='lat' dir='ltr'><strong>untur‚A.S.L.</strong></span> 
     </span>
    </p>
   </div>
   <div class='ocr_carea' id='block_1_5' title="bbox 0 0 1596 5048">
    <p class='ocr_par' dir='ltr' id='par_1_7' title="bbox 0 0 1596 5048">
     <span class='ocr_line' id='line_1_39' title="bbox 0 0 1596 5048; baseline 0 0"><span class='ocrx_word' id='word_1_252' title='bbox 0 0 1596 5048; x_wconf 95' lang='lat' dir='ltr'><strong> </strong></span> 
     </span>
    </p>
   </div>
  </div>
 </body>
</html>
