3190 5060
475 789 883 872 PROLOGUS

354 995 408 1052 IN
441 994 654 1057 LIBRUM
690 998 1007 1059 SECUNDUM.

618 1166 740 1180 ᾖ

352 1295 488 1343 INCIPIT
511 1298 696 1348 PROLOGUS
720 1300 876 1351 sEcUNol
900 1303 1009 1350 LIBRI.

239 1546 283 1579 .
332 1474 357 1569 ff,
376 1484 417 1575 22²}
453 1480 509 1544 IU
543 1488 597 1546 est
630 1482 734 1564 quod,
773 1490 809 1547 et
848 1493 1030 1566 parentum
1065 1505 1160 1564 cura,

230 1576 266 1655 i,-
290 1593 321 1677 {f
473 1588 508 1644 et
525 1588 661 1664 meapte
682 1581 873 1663 diligentia,
895 1583 991 1648 libris
1012 1583 1160 1648 insuevi.

474 1679 564 1743 Haeo
580 1700 635 1744 me
654 1682 816 1764 voluptas
834 1682 909 1766 jam
931 1683 1012 1747 inde
1033 1702 1055 1746 a
1076 1704 1160 1765 pue-

231 1776 259 1849 l,
279 1766 393 1867 {⁸²5⁶AE
402 1802 427 1867 p
473 1781 554 1844 ritia
585 1782 699 1864 cepit3
735 1781 810 1846 haec
836 1783 998 1846 illecebra
1028 1803 1160 1847 mecum

297 1877 319 1886 ’
344 1874 361 1897 “
384 1867 415 1897 ³
471 1879 638 1962 parilibus
663 1881 816 1946 adolevit
849 1881 970 1946 annis:
1013 1902 1093 1947 nam
1126 1891 1161 1946 et

208 1982 259 2046 ita
286 2002 307 2046 a
332 1989 431 2066 patre
459 1980 640 2046 institutus
673 2000 779 2058 eram,
807 1990 859 2059 ut,
886 1982 917 2045 si
948 1982 992 2046 ad
1023 1983 1161 2047 diversa

209 2081 416 2147 declinarem
442 2079 569 2158 studia,
593 2088 686 2144 esset
711 2082 834 2145 animae
865 2081 1094 2164 dispendium,
1125 2091 1160 2146 et

210 2181 311 2246 famae
340 2183 541 2265 periculum.
609 2179 781 2258 Quocirca
805 2201 936 2245 memor
964 2183 1159 2258 sententiae,

210 2286 221 2316 ‘
239 2280 369 2364 (lupius
385 2283 614 2365 quodcunque
631 2300 771 2344 necesse
786 2282 864 2358 est,'
882 2282 1014 2346 extorsi
1031 2283 1158 2366 juven·

212 2381 278 2444 tuti
309 2401 395 2446 meae
429 2388 469 2445 ut
506 2380 653 2444 libenter
686 2381 809 2445 vellem
841 2381 933 2464 quod
968 2400 1038 2445 non
1070 2382 1159 2446 velle

209 2479 353 2544 honeste
379 2501 448 2545 non
475 2499 623 2562 possem.
676 2480 722 2545 Et
746 2481 864 2544 multis
891 2481 1029 2564 quidem
1051 2481 1160 2545 literis

209 2579 361 2662 impendi
399 2599 553 2665 operam,
592 2580 652 2642 sed
692 2579 770 2643 aliis
804 2581 919 2645 aliam.
996 2580 1161 2661 Logicum

210 2679 313 2758 enim,
338 2699 417 2762 quae
444 2686 557 2744 armat
582 2679 768 2761 eloquium,
794 2681 868 2744 solo
892 2680 999 2743 libavi
1016 2679 1158 2744 auditu:

209 2777 399 2862 physicam,
431 2799 509 2861 quae
545 2778 701 2843 medetur
739 2779 929 2843 valetudini
966 2797 1160 2861 corporum,

210 2877 389 2960 aliquanto
419 2879 572 2961 pressius
604 2877 767 2960 concepi:
803 2879 878 2963 jam
917 2898 1000 2943 vero
1037 2879 1159 2942 ethicae

208 2984 326 3060 partes
356 2977 554 3042 medullitus
585 2978 742 3054 rimatus,
778 2978 870 3042 illius
900 2977 1077 3062 majestati
1105 2997 1161 3042 as·

210 3096 327 3159 surgo,
354 3079 447 3160 quod
462 3097 523 3160 per
537 3096 575 3140 se
588 3076 806 3141 studentibus
820 3085 952 3160 pateat,
977 3087 1013 3142 et
1026 3077 1160 3143 animos

210 3177 254 3240 ad
277 3178 365 3242 bene
394 3177 581 3242 vivendum
606 3184 812 3258 componat:
840 3177 1019 3242 historiam
1038 3179 1160 3260 praeci·

209 3295 290 3358 pue,
325 3296 417 3360 quae,
451 3275 606 3360 jocunda
645 3276 795 3358 quadam
827 3284 1003 3358 gestorum
1036 3278 1161 3341 notitia

210 3395 322 3440 mores
361 3377 527 3440 condiens
566 3375 611 3438 ad
641 3374 734 3438 bona
764 3377 950 3458 sequenda,
981 3376 1038 3440 vel
1067 3377 1160 3440 mala

211 3476 377 3554 cavenda,
396 3477 551 3557 legentes
569 3474 737 3557 exemplis
751 3474 876 3538 irritat.
929 3473 1067 3556 Itaque,
1082 3494 1160 3538 cum

210 3573 407 3640 domesticis
432 3575 626 3658 sumptibus
648 3574 832 3637 nonnullos
855 3580 1053 3638 exterarum
1075 3594 1160 3655 gen-

209 3673 296 3738 tium
311 3675 493 3740 historicos
512 3673 729 3750 conflassem,
744 3671 904 3737 familiari
920 3672 992 3736 otio
1007 3692 1162 3756 quaerere

210 3773 347 3855 perrexi
384 3774 415 3837 si
449 3774 532 3856 quid
569 3772 613 3836 de
653 3780 774 3837 nostra
803 3781 907 3854 gente
941 3773 1162 3837 memorabile

209 3874 357 3954 posteris
395 3882 514 3955 posset
551 3873 705 3955 reperiri.
773 3872 868 3937 Hinc
898 3881 952 3938 est
981 3872 1085 3957 quod,
1117 3874 1161 3937 ab

210 3973 354 4056 antiquo
393 3973 531 4057 scriptis
563 3992 634 4035 non
666 3979 861 4050 contentus,
892 3973 966 4055 ipse
1007 3967 1162 4055 ¹quoque

245 4211 367 4278 ¹Qooque
387 4209 555 4282 scriptarira]
591 4215 620 4264 S.
642 4217 672 4264 G.
684 4215 717 4263 E.
734 4214 781 4276 L.;
807 4228 917 4275 quaeque
935 4213 1091 4277 scripturire,
1111 4214 1162 4276 I).;

210 4297 311 4344 quoque
323 4284 474 4346 scriptitare,
484 4285 519 4336 A.
