3150 5046
421 517 488 584 366
642 529 755 578 ensrn
779 528 907 576 aucun
932 525 1146 577 aneuoauu.
1229 514 1315 595 [nm.
1334 529 1372 576 11.

424 697 542 754 menta
569 687 793 770 decapitavit.
839 685 991 750 Emicuit
1016 693 1097 769 post
1128 705 1247 750 necem
1279 686 1374 750 beati

425 790 492 855 viri
516 795 703 854 transactae
729 787 813 851 vitae
836 786 972 868 puritas
995 785 1172 850 miraculis
1194 786 1374 850 inauditis.

427 889 556 972 Caput,
574 909 596 951 a
611 905 757 970 corpore
773 885 907 950 lictoris
923 885 1061 950 saevitia
1077 885 1238 963 divisum,
1254 886 1375 948 dume-

426 998 465 1053 ta
487 988 749 1072 projicientibus
768 985 881 1049 Danis
901 985 1144 1051 occuluerant:
1176 986 1270 1068 quod
1294 986 1375 1049 dum

427 1091 521 1153 cives
548 1092 755 1169 quaererent,
774 1084 909 1148 hoste‘m
934 1085 1118 1149 abeuntem
1141 1086 1301 1167 vestigiis
1323 1086 1375 1149 in-

427 1189 550 1265 secuti,
572 1187 685 1250 funeri
710 1184 807 1266 regio
830 1184 948 1268 justas
971 1184 1121 1249 soluturi
1146 1184 1300 1261 inferias,
1318 1183 1377 1268 jo-

427 1288 541 1352 cunda
568 1287 637 1351 Dei
664 1303 807 1348 munera
833 1283 1003 1364 hausere3
1032 1285 1224 1348 exanimati
1250 1284 1375 1366 capitis

427 1407 548 1452 vocem
569 1403 784 1468 expressam,
802 1402 921 1447 omnes
939 1383 983 1448 ad
1000 1403 1038 1447 se
1055 1384 1264 1449 lustratores
1286 1383 1376 1446 invi-

428 1488 547 1552 tantis.
603 1485 753 1567 Lupum,
779 1483 888 1546 feram
921 1483 1084 1547 cadaveri
1109 1491 1298 1559 assuetam,
1325 1484 1378 1546 la·

428 1587 532 1651 certis
549 1585 636 1650 illud
654 1578 950 1665 ¹circumplexum,
967 1584 1145 1647 innoxiam
1161 1583 1376 1666 praetendere

428 1685 643 1750 custodiam:
676 1683 835 1759 eundem,
861 1701 956 1746 more
987 1683 1169 1748 domestici
1204 1682 1377 1759 animalis,

428 1786 566 1870 bajulos
587 1790 668 1867 post
690 1789 827 1865 tergum
849 1781 1005 1846 modeste
1030 1781 1075 1846 ad
1099 1783 1256 1846 tumbam
1281 1802 1378 1846 secu-

428 1894 515 1963 tum,
530 1884 663 1947 nullum
681 1882 825 1959 laesisse,
843 1901 865 1945 a
881 1882 978 1946 nullo
995 1883 1119 1946 laesum
1136 1901 1224 1946 esse.
1276 1882 1377 1946 Tunc

429 2005 493 2070 pro
518 1992 674 2066 tempore
701 1981 797 2046 humi
823 1981 989 2046 traditum
1015 2001 1141 2065 eorpus
1169 1982 1377 2059 venerabile,

430 2093 545 2149 terrea
571 2084 674 2166 gleba
699 2081 908 2164 superjecta,
936 2089 972 2145 et
1000 2083 1103 2146 exilis
1124 2083 1228 2165 pretii
1260 2083 1378 2164 lignea

430 2183 566 2267 capella
597 2188 847 2264 superstructa.
897 2179 966 2245 Sed
999 2182 1122 2246 aderat
1151 2182 1380 2247 oscitantibus

430 2282 702 2367 provincialibus
716 2281 829 2345 virtus
851 2282 1026 2364 martyrio,
1042 2282 1261 2364 semisopitas
1284 2300 1380 2344 men·

431 2391 485 2448 tes
512 2402 632 2447 eornm
657 2380 780 2445 adsui
805 2382 1035 2445 reverentiam
1060 2382 1171 2463 signis
1199 2382 1380 2459 excitans;

433 2490 468 2547 et
498 2485 575 2547 leve
608 2481 747 2564 quidem
779 2499 820 2544 ac
852 2479 1017 2561 frigidum
1049 2481 1108 2558 sit,
1139 2481 1200 2544 sed
1230 2482 1380 2565 primum

432 2577 620 2648 ²virtutum
648 2580 724 2664 ejus
754 2579 1042 2662 experimentum,
1068 2581 1161 2664 quod
1185 2580 1379 2665 subjiciam.

433 2681 678 2757 Latrunculos,
702 2687 808 2743 noctu
834 2696 970 2743 sacram
1000 2680 1109 2744 eedem
1133 2681 1289 2762 expilare
1319 2699 1382 2762 ag-

434 2801 585 2865 gressos,
617 2779 739 2844 invisis
772 2779 857 2842 loris
887 2779 924 2842 in
960 2781 1047 2863 ipsis
1081 2782 1263 2845 conatibus
1296 2780 1381 2843 irre-

434 2883 534 2960 tivit3
560 2881 711 2945 formoso
733 2878 918 2942 admodum
944 2880 1155 2961 spectaculo,
1172 2879 1267 2964 quod
1292 2899 1382 2962 prae-

434 2983 481 3046 da
502 2980 683 3065 praedones
703 2978 827 3055 tenuit,
849 2983 890 3040 ut
906 2998 969 3043 nec
986 2986 1103 3062 coepto
1121 2979 1300 3056 desistere,
1317 2998 1381 3042 nec

434 3081 599 3144 inchoata
613 3078 770 3142 valerent
796 3076 971 3158 perficere.
1025 3078 1249 3163 Quapropter
1269 3078 1383 3142 Theo-

434 3179 563 3244 dredus
578 3175 768 3240 Londoniae
784 3176 924 3257 praesul,
936 3179 996 3270 qni
1010 3179 1104 3262 apud
1121 3186 1280 3245 sanctum
1291 3177 1386 3241 Pau-

435 3280 509 3343 lum
533 3279 641 3363 jacet,
661 3275 805 3358 plebeiae
828 3276 997 3341 macbinae
1022 3279 1223 3344 diuturnam
1245 3273 1384 3342 ‘amoli-

438 3387 496 3444 tus
510 3386 563 3443 est
579 3375 755 3460 injuriam,
772 3376 956 3456 augustius
969 3378 1153 3443 aedificium
1167 3397 1271 3460 super
1281 3396 1383 3443 vene·

438 3479 547 3543 randa
565 3476 720 3540 membra
744 3474 906 3555 molitus;
932 3496 1012 3558 qnae
1038 3486 1073 3543 et
1092 3479 1250 3542 miranda
1272 3481 1384 3541 incor-

438 3579 611 3662 ruptione,
645 3581 681 3638 et
714 3575 827 3638 lacteo
859 3577 1009 3656 quodam
1043 3579 1204 3655 candore,
1239 3577 1384 3658 gloriam

438 3685 569 3742 sanctae
590 3676 714 3739 animae
730 3674 978 3756 praedicabant.
1030 3676 1259 3761 Caput,on
1274 3695 1296 3739 a
1313 3695 1386 3738 cer-

438 3779 515 3843 vice
540 3775 729 3850 revulsum,
759 3792 851 3836 nunc
879 3775 1012 3858 reliquo
1043 3778 1180 3861 corpori
1211 3774 1388 3858 compagi-

439 3884 573 3953 natum,
591 3875 730 3955 signum
743 3878 860 3936 tamen
877 3877 1035 3960 martyrii
1050 3877 1211 3941 coccinea
1226 3875 1388 3939 cicatrice

474 4095 717 4161 mammarum]
754 4091 789 4141 Α·
815 4097 845 4146 0·
868 4098 904 4147 D·
964 4120 1332 4185 uestimentum]
1358 4122 1390 4170 c·

440 4166 798 4304 Ε’,ιρἑνᾶῒὲξῗῗῇα
811 4241 842 4288 Ε.
855 4238 905 4297 Μ
930 4192 1039 4314 gl&
1068 4193 1173 4244 sustulit
1202 4193 1333 4254 invidiam,
1354 4191 1390 4240 A.

440 4311 544 4361 omitted
555 4312 581 4358 in
594 4310 622 4359 S.
