3150 5046
214 491 356 571 nln.11.]
440 505 554 554 casm
577 483 704 552 aucun
728 503 940 552 Anononuu.
1099 485 1166 552 363

219 662 308 746 palis
339 661 524 726 Herefordi
552 662 617 725 sub
639 661 747 744 ipsius
773 660 910 723 nomine
936 667 1167 724 consecretur.

221 761 296 826 Nec
316 763 471 844 ineptum
493 761 595 824 debet
610 760 719 824 videri
740 767 802 824 aut
823 761 1051 840 incongruum
1074 759 1167 840 quod

219 869 455 926 antecessores
469 861 591 937 nostri,
600 861 700 942 probi
712 868 748 925 et
758 860 912 940 religiosi
924 859 1002 936 viri,
1014 858 1068 922 vel
1083 859 1169 922 taci-

220 963 387 1026 turnitate
405 960 736 1036 tolleraverunt,ch
752 959 960 1024 auctoritate
982 959 1169 1023 roborave-

219 1067 310 1125 runt.

272 1161 290 1244 §
303 1160 380 1225 211.
397 1157 491 1237 Quid
506 1158 548 1221 dc
574 1165 696 1222 sancto
713 1151 913 1234 ¹Kenelmo,
923 1149 1070 1221 ²tenerae
1085 1164 1170 1222 aeta·
1183 1177 1316 1222 secenum.

221 1261 305 1324 tnlae
327 1278 448 1343 puero,
479 1258 591 1340 stylus
617 1257 673 1321 hic
697 1259 975 1322 comminiscetur
1000 1257 1169 1338 dignuml

224 1360 331 1424 Hunc
345 1359 446 1440 pater
458 1356 631 1420 Kenulsus
645 1376 707 1420 rex
722 1355 943 1433 Marciorum,
957 1364 1171 1438 septennem,

223 1458 432 1538 Quendridae
455 1457 583 1521 sororis
597 1456 676 1520 fidei
693 1456 907 1519 educandum
929 1455 1087 1537 reliquit;
1110 1456 1171 1519 sed

224 1559 297 1635 illa,
320 1557 410 1621 falso
436 1557 503 1620 sibi
522 1575 667 1637 regnum
690 1556 915 1638 praesagiens,
927 1555 1170 1632 fraterculum,

225 1657 416 1722 tollendum
447 1655 613 1732 emedio,
641 1654 787 1720 satelliti
814 1656 875 1737 qui
900 1655 1061 1718 alumnus
1095 1662 1170 1717 erat

226 1756 488 1820 commendavit.
545 1755 583 1818 Is
599 1755 799 1831 insontem,
834 1773 941 1818 causa
973 1754 1171 1818 remittendi

226 1851 397 1920 ³animum
419 1855 521 1938 quasi
540 1862 705 1920 venatum
733 1855 875 1932 ducena,
903 1855 994 1917 inter
1018 1854 1170 1917 frutecta

228 1958 472 2020 obtruncatum
500 1955 664 2018 occuluit.
716 1954 763 2018 Et
792 1955 918 2017 mirum
943 1953 1051 2030 dictu,
1077 1953 1171 2036 quod

228 2056 336 2133 fraus,
355 2063 428 2119 tam
444 2055 555 2119 celate
568 2055 605 2118 in
616 2051 748 2134 Anglia
765 2054 961 2131 commissa,
979 2053 1103 2117 Romae
1119 2053 1170 2117 di-

227 2157 358 2220 vinitus
380 2155 553 2218 innotuit:
578 2154 749 2237 siquidem
774 2154 974 2217 membrana
1001 2173 1106 2236 super
1120 2153 1171 2216 al-

229 2263 304 2318 tare
330 2255 442 2318 sancti
463 2253 561 2318 Petri
588 2273 748 2336 superne,
775 2254 935 2318 columba
952 2252 1094 2329 ferente,
1113 2252 1172 2316 de-

229 2354 341 2436 lapsa,
357 2355 453 2416 necis
475 2360 511 2417 et
533 2353 761 2434 sepulchralis
782 2353 850 2417 loci
867 2372 930 2435 per
945 2353 1099 2416 ordinem
1121 2353 1172 2415 in-

231 2453 325 2532 dex3
359 2471 450 2534 quae,
480 2452 564 2532 quia
595 2451 773 2515 elementis
802 2448 962 2532 Anglicis
990 2457 1065 2514 erat
1091 2471 1172 2514 con·

230 2553 372 2634 scripta,
391 2570 413 2614 a
441 2549 622 2626 Romanis,
651 2557 686 2614 et
712 2550 860 2613 aliarum
884 2551 1040 2631 gentium
1065 2550 1175 2614 homi-

231 2652 333 2714 nibus
351 2651 412 2734 qui
428 2649 584 2724 aderant,
600 2648 730 2713 frustra
746 2650 816 2730 legi
833 2656 980 2713 tentata.
1032 2649 1100 2712 Sed
1119 2669 1175 2713 sa-

231 2751 376 2815 lubriter
395 2755 431 2813 et
448 2750 484 2812 in
507 2755 661 2830 tempore
683 2749 796 2812 astitit
813 2745 964 2830 Anglus,
981 2756 1028 2827 et,
1045 2749 1174 2829 linguae

232 2850 447 2914 involucrum
464 2847 647 2912 Latialiter
657 2845 853 2925 Quiritibus
871 2849 1046 2925 evolvens,
1064 2848 1176 2913 effecit

232 2957 272 3013 ut
290 2948 472 3032 apostolici
489 2947 637 3028 epistola
661 2948 801 3028 regibus
818 2945 945 3028 Anglis
969 2949 1176 3032 compatrio-

232 3057 305 3113 tam
336 3055 524 3130 martyrem
545 3046 736 3126 indicaret;
769 3055 982 3130 quapropter
1004 3048 1176 3130 frequenti

231 3157 325 3213 coetu
340 3147 533 3212 innocentis
550 3166 676 3229 corpus
693 3147 847 3211 levatum
855 3147 1175 3212 Winchelcumbam

232 3249 434 3313 vehebatur.
488 3246 547 3309 Ita
564 3246 766 3310 clericorum
780 3248 894 3310 vocali
916 3255 1033 3324 cantu,
1057 3255 1092 3310 et
1114 3248 1175 3310 lai-

234 3368 353 3412 corum
379 3346 486 3410 alacri
510 3345 649 3428 plausu,
672 3346 888 3427 parricidalis
917 3346 1060 3409 foemina
1084 3365 1175 3409 com-

234 3455 340 3525 mota,
368 3465 387 3509 e
409 3445 561 3509 fenestra
586 3445 757 3508 coenaculi
780 3445 817 3508 in
838 3465 907 3527 quo
932 3446 1049 3508 stabat
1071 3453 1177 3527 caput

236 3546 363 3610 extulit
377 3566 385 3624 ;
403 3554 450 3621 et,
465 3544 555 3608 forte
568 3542 772 3625 psalterium
783 3564 855 3626 prae
866 3545 1024 3608 manibus
1033 3544 1177 3622 habens,

210 3654 213 3666 “
232 3645 492 3710 continuatione
517 3643 676 3707 lectionis
702 3644 746 3707 ad
765 3644 938 3725 psalmum
958 3651 1177 3726 pervenerat,

233 3746 352 3809 ‘Deus
375 3743 514 3808 laudem
540 3743 676 3820 meam,'
692 3762 794 3825 quem
822 3763 844 3806 a
867 3742 946 3820 fine,
965 3745 1081 3806 nescio
1106 3763 1176 3825 quo

233 3845 424 3928 praestigio,
451 3843 652 3924 retrograde
674 3843 804 3920 dicens,
822 3843 998 3906 nitebatur
1018 3843 1177 3906 laetitiam
1249 3896 1252 3901 .

265 4141 273 4174 ¹
287 4143 423 4205 Kenelmo.]
440 4143 487 4192 See
498 4147 556 4192 note
567 4140 587 4205 ²,
598 4160 624 4206 p.
634 4147 690 4194 132.
755 4141 913 4206 Mannum]
932 4143 966 4192 A.
986 4145 1015 4192 C.
1028 4143 1062 4193 D.
1079 4145 1111 4194 E.
1127 4145 1177 4205 L.;

265 4212 385 4262 ²Teaeroe
403 4214 532 4276 matula]
551 4213 583 4262 A.
608 4215 636 4264 S.
659 4216 690 4263 C.
720 4214 977 4263 alter‘aninrum'S.
990 4215 1178 4264 reads‘velre-

232 4286 265 4334 D.
279 4285 326 4344 E.;
343 4288 435 4333 tenerae
449 4284 527 4345 aetati,
538 4286 569 4333 L.
720 4284 840 4333 creandi!
1080 4287 1083 4292 '
