3180 5048
420 489 485 553 192
638 503 752 552 cnsrs
776 503 903 551 ancum
928 503 1142 551 suenorum.
1227 488 1314 568 [nra.
1330 505 1370 552 11.

421 661 547 726 Latino
573 661 764 726 ediscerent
790 680 958 726 sermone.
1011 659 1068 726 Ad
1096 679 1215 725 omnes
1244 659 1371 745 princi-

420 763 516 844 pales
539 762 638 825 sedes
661 762 787 826 librum
812 762 905 826 hunc
927 780 990 825 suo
1009 761 1112 845 jussu
1136 762 1372 844 conscriptum

420 863 509 926 velle
532 863 779 939 transmittere,
804 881 883 925 cum
909 862 1074 943 pugillari
1106 881 1211 925 aureo
1236 861 1273 924 in
1301 881 1370 942 quo

420 967 512 1024 osset
527 981 650 1025 manca
664 961 761 1041 auri;
786 961 872 1024 nihil
894 961 930 1024 in
944 962 1014 1025 ista
1031 961 1087 1025 vel
1102 961 1180 1024 aliis
1202 960 1371 1042 interpre-
1393 1005 1396 1008 -

420 1061 611 1125 tationibus
633 1080 678 1123 ex
701 1080 765 1125 suo
788 1060 913 1138 dicere,
933 1061 994 1124 sed
1017 1061 1133 1124 omnia
1155 1080 1177 1125 a
1199 1061 1371 1142 spectabi-

419 1160 510 1223 libus
536 1160 620 1225 viris
645 1159 852 1224 Pleimundo
880 1160 1151 1242 archiepiscopo,
1184 1158 1371 1224 Asserione

421 1252 611 1342 ¹episcopo,
624 1258 826 1324 Grimbaldo
838 1259 1040 1323 etJohanne
1048 1260 1271 1345 presbyteris,
1285 1259 1372 1322 hau·

420 1359 518 1423 sisse.
571 1358 765 1436 Postremo,
787 1366 828 1423 ut
849 1379 984 1422 omnem
1001 1357 1110 1423 vitam
1131 1359 1206 1442 ejus
1221 1359 1372 1424 breviter

421 1459 600 1537 elucidem,
616 1458 741 1540 viginti
764 1465 914 1543 quatuor
935 1458 1040 1522 horas
1065 1478 1144 1540 quae
1167 1459 1258 1523 inter
1279 1458 1371 1521 diem

421 1566 457 1622 et
470 1565 606 1623 noctem
624 1558 758 1642 jugiter
776 1566 937 1623 rotantur
956 1557 1009 1622 ita
1025 1557 1213 1635 dividebat,
1236 1565 1276 1620 ut
1290 1565 1370 1622 octo

421 1657 525 1722 horas
540 1659 576 1721 in
597 1657 777 1722 scribendo
791 1665 828 1722 et
848 1657 996 1739 legendo
1019 1664 1054 1720 et
1076 1657 1218 1735 orando,
1241 1663 1319 1721 octo
1335 1657 1371 1722 in

421 1777 505 1839 cura
519 1758 684 1840 corporis,
701 1765 781 1821 octo
799 1757 836 1821 in
861 1757 1075 1839 expediendo
1097 1757 1195 1839 regni
1217 1757 1369 1838 negotia,

420 1858 639 1940 transigeret.
691 1857 778 1920 Erat
799 1857 836 1921 in
855 1857 990 1939 capella
1010 1875 1075 1920 sua
1090 1856 1234 1920 candela
1247 1855 1371 1937 viginti

421 1965 572 2038 quatuor
580 1956 743 2038 partium,
755 1956 983 2038 aedituusque,
995 1957 1051 2019 cui
1061 1955 1137 2020 haec
1147 1955 1373 2038 delegabatur

420 2056 650 2140 providentia,
665 2063 705 2118 ut
718 2075 780 2138 per
794 2055 1065 2120 combustionem
1084 2055 1235 2120 candelae
1254 2075 1371 2136 regem

421 2155 464 2218 de
478 2155 626 2237 singulis
645 2155 847 2219 admoneret
865 2154 996 2219 officiis.
1041 2149 1247 2220 ²Dimidiam
1262 2155 1370 2237 porti-

422 2275 523 2318 onem
539 2255 690 2318 omnium
708 2273 884 2332 censuum,
901 2254 1000 2338 juste
1023 2255 1197 2318 duntaxat
1218 2253 1371 2337 adquisi-

421 2361 548 2432 torum,
570 2354 788 2418 monasteriis
811 2355 884 2418 suis
907 2355 1101 2436 delegavit3
1125 2360 1268 2418 cunctos
1282 2373 1372 2436 prae-

422 2460 519 2516 terea
542 2454 696 2517 redditus
721 2453 757 2518 in
781 2473 899 2536 aequas
927 2454 1014 2518 duas
1038 2461 1156 2536 partes
1183 2453 1370 2519 dividebat.

423 2552 628 2636 Rursusque
640 2554 786 2636 primam
811 2555 848 2617 in
874 2560 956 2631 tres,
979 2574 1125 2636 quarum
1147 2553 1293 2636 primam
1308 2554 1371 2616 mi-

422 2653 541 2716 nistris
568 2654 641 2717 suis
671 2653 877 2732 curialibus3
907 2653 1094 2717 secundam
1122 2654 1373 2734 operatoribus,

422 2771 510 2834 quos
527 2753 662 2836 jugiter
682 2753 719 2817 in
741 2772 908 2816 novarum
929 2752 1054 2816 aedium
1069 2752 1373 2830 exstructionibus

422 2852 571 2915 mirabili
585 2860 620 2916 et
634 2853 754 2934 ignoto
770 2849 897 2933 Anglis
913 2853 1027 2928 modo,
1041 2851 1190 2916 habebat
1202 2871 1211 2931 3
1235 2852 1373 2917 tertiam

422 2951 577 3016 advenis.
642 2950 801 3016 Secunda
827 2971 909 3032 pars
937 2951 1132 3015 reddituum
1160 2951 1212 3015 ita
1240 2951 1373 3020 divide-

422 3051 525 3113 batur
537 3057 576 3114 ut
597 3050 707 3132 prima
720 3050 833 3132 portio
847 3049 988 3115 daretur
1001 3051 1208 3134 pauperibus
1222 3051 1373 3132 regionis

423 3167 509 3225 suae,
546 3149 697 3212 secunda
733 3151 960 3228 monasteriis,
997 3151 1102 3214 tertia
1144 3149 1373 3227 scholasticis,

423 3253 548 3329 quarta
563 3249 803 3312 transmarinis
817 3250 981 3314 ecclesiis.
1018 3245 1253 3313 ³Judieiorum
1267 3269 1289 3314 a
1303 3251 1375 3313 suis

458 3499 619 3568 ¹Episcopo.]
637 3504 666 3554 S.
674 3506 706 3555 E.
716 3504 764 3565 L.;
787 3505 886 3555 archie-
910 3505 1044 3568 churches,
1060 3506 1181 3555 domestic
1199 3507 1250 3556 and
1268 3507 1374 3572 foreign.

422 3572 811 3706 usserman
821 3577 886 3624 ,r
911 3575 1224 3695 <eruturus
1236 3577 1374 3710 ts>

781 3679 789 3698 a
1223 3680 1280 3697 sn·
1349 3665 1376 3697 Τ·

911 3714 990 3764 fimus
999 3716 1139 3779 correctos]
1151 3716 1183 3764 In
1190 3715 1233 3764 the
1244 3717 1338 3766 Mirror
1349 3719 1378 3767 oi

459 3777 618 3831 'Dimidium
634 3783 769 3846 portionas
782 3782 887 3832 omnium
912 3783 1021 3846 Justioe,
1032 3800 1090 3846 cap.
1102 3789 1127 3847 2,
1144 3785 1165 3832 it
1181 3787 1204 3834 is
1219 3786 1302 3834 stated
1319 3787 1374 3837 that

423 3851 558 3914 emotum]
575 3851 655 3902 Aeser
665 3866 726 3913 says
736 3853 768 3901 he
779 3852 887 3902 devoted
912 3854 1027 3916 Aellred,
1038 3854 1065 3903 in
1076 3869 1123 3903 one
1134 3869 1205 3917 year,
1217 3855 1372 3906 condemned

423 3921 540 3970 one-hah*
546 3921 575 3969 os
582 3921 623 3970 his
633 3923 730 3971 income
741 3923 749 3950 ‘
761 3926 787 3970 to
799 3922 857 3972 God
869 3923 888 3982 ;'
912 3929 939 3973 to
950 3925 981 3973 be
992 3923 1092 3987 hanged
1103 3939 1135 3973 no
1152 3924 1204 3974 less
1219 3925 1280 3974 than
1295 3926 1373 3988 sorty-

423 3991 509 4039 which
526 3995 584 4052 part
594 4006 650 4040 was
663 3991 814 4040 afterwards
825 3993 886 4041 sub·
912 3993 970 4043 four
985 3993 1088 4042 inferior
1098 3994 1195 4057 jndgas
1212 3994 1239 4044 in
1256 3994 1299 4043 the
1310 3996 1375 4045 hun·

424 4059 528 4108 dirided
539 4061 578 4110 for
588 4061 630 4110 the
641 4076 713 4122 poor,
728 4061 767 4110 ior
782 4062 825 4111 the
835 4066 887 4110 two
913 4063 976 4112 dred
994 4063 1045 4111 and
1062 4069 1156 4126 county
1167 4068 1251 4113 courts
1262 4065 1374 4116 forialse

423 4132 587 4180 monasteries
598 4132 682 4180 which
693 4131 725 4179 he
736 4130 787 4179 had
798 4131 888 4180 found·
908 4132 1067 4194 judgments,
1090 4133 1170 4183 either
1191 4135 1218 4182 in
1242 4134 1375 4184 condemn-

423 4199 465 4258 ed,
475 4199 518 4248 the
529 4201 615 4252 school
625 4201 656 4249 he
665 4200 716 4249 had
724 4201 889 4262 established,
913 4203 957 4264 ing
967 4216 996 4250 or
1006 4203 1147 4265 acquitting
1153 4218 1210 4252 men
1217 4203 1325 4254 without
1333 4206 1375 4254 the

423 4267 474 4315 and
496 4268 535 4316 for
556 4270 627 4319 other
653 4272 816 4320 monasteries
837 4271 888 4319 and
913 4271 1010 4320 verdict
1020 4272 1072 4320 ofa
1078 4273 1149 4334 jury.
