3150 5046
215 492 285 540 nra.
301 476 357 558 11.]
444 493 557 542 onsrr
581 493 707 542 ancon
731 493 946 544 rucnonuu.
1096 476 1163 540 375

214 655 366 729 quatuor
381 667 549 712 annorum
574 666 718 712 numero
746 648 845 730 regni
867 653 1089 731 computato;
1113 646 1161 712 ei·

212 746 371 830 demque,
389 747 613 830 conquerenti
637 746 680 811 de
701 748 919 830 posteritate,
938 745 1159 828 respondere,

213 846 399 928 ‘Regnum
423 844 619 928 Anglorum
645 853 700 910 est
728 846 815 911 Dei:
838 853 920 929 post
944 854 980 912 te
1005 845 1158 929 providit

213 965 330 1027 regem
346 947 391 1010 ad
405 947 572 1028 placitum
587 945 668 1009 sui'

265 1045 282 1129 §
297 1046 375 1110 222.
391 1044 501 1109 Porro
515 1047 555 1108 ut
567 1044 642 1127 jam
654 1045 698 1108 de
709 1043 886 1108 miraculis
900 1041 1035 1107 dicam:
1058 1039 1155 1106 Ado·
1167 1059 1317 1104 semema

214 1141 405 1208 leSccntnla
416 1143 524 1227 juxta
539 1143 752 1225 parilitatem
773 1142 942 1206 natalium
959 1142 1072 1207 virum
1094 1141 1156 1206 ha-

212 1244 309 1321 bens,
336 1243 396 1306 sed
423 1241 540 1305 fructu
564 1241 719 1325 conjugii
745 1259 879 1319 carens,
895 1241 1155 1304 luxuriantibus

212 1343 305 1406 circa
338 1341 466 1406 collum
497 1340 712 1419 humoribus,
752 1347 889 1423 turpem
921 1339 1155 1405 valetudinem

211 1447 447 1518 contineret,
465 1438 640 1522 glandulis
654 1439 958 1522 protuberantibus
971 1437 1154 1504 horrenda.

212 1537 322 1603 Jussa
341 1540 476 1604 somnio
499 1539 697 1602 lavaturam
711 1531 887 1602 ¹manuum
911 1538 1005 1619 rogis
1030 1539 1155 1619 exqui-

212 1657 298 1716 rere,
325 1639 457 1704 curiam
480 1637 685 1720 ingreditur.
732 1636 813 1701 Rex
829 1638 918 1719 ipse,
930 1657 992 1718 per
1008 1655 1047 1700 so
1064 1656 1153 1718 opus

212 1737 353 1817 pietatis
370 1737 575 1820 adimplens,
593 1737 712 1818 digitis
731 1755 827 1818 aqua
851 1735 1008 1800 intinctis
1025 1736 1156 1800 collum
1219 1796 1227 1808 ,

213 1843 404 1916 pertractat
430 1825 606 1915 mulieris3
639 1835 807 1898 medicam
833 1834 994 1898 dextram
1018 1837 1153 1899 sanitas

211 1933 339 1998 festina
351 1936 585 2017 prosequitur,
596 1933 735 1998 lethalis
752 1941 872 1998 crusta
880 1934 1092 2010 dissolvitur,
1101 1935 1154 1998 ita

211 2040 261 2110 ut,
277 2035 453 2098 vermibus
470 2053 549 2097 cum
565 2034 662 2096 sanie
681 2033 943 2116 profluentibus,
960 2033 1072 2096 omnis
1093 2033 1154 2097 ille

213 2133 341 2196 noxius
358 2141 474 2197 tumor
490 2127 682 2196 ²resideret.
736 2132 816 2211 Sed,
831 2133 914 2214 quia
925 2131 1043 2196 hiatus
1061 2132 1154 2196 ulce-

211 2251 288 2295 rum
304 2232 419 2297 foedus
436 2239 472 2296 et
487 2233 630 2314 patulus
656 2238 743 2309 erat,
760 2231 927 2314 praecepit
941 2251 1018 2294 eam
1041 2250 1153 2314 usque

210 2331 255 2392 ad
279 2332 451 2412 integram
469 2333 654 2394 sanitatem
671 2330 859 2394 curialibus
878 2330 1061 2412 stipendiis
1077 2350 1154 2394 sus-

210 2421 360 2494 tentari:
384 2423 523 2494 ³verum
551 2435 632 2492 ante
657 2430 886 2509 septimanam
917 2435 1079 2492 exactam
1099 2430 1153 2492 ita

210 2527 370 2592 obductis
387 2528 606 2591 cicatricibus
623 2534 773 2591 venusta
793 2527 883 2591 cutis
905 2527 1020 2604 rediit,
1038 2534 1079 2590 ut
1100 2528 1153 2590 ni-

208 2625 257 2689 hil
290 2627 459 2708 praeteriti
476 2627 602 2706 ,morbi
635 2625 871 2706 discerneres3
910 2633 991 2707 post
1024 2644 1153 2689 annum

208 2744 346 2807 qnoque
371 2725 544 2807 geminam
568 2724 700 2806 prolem
727 2725 843 2801 enixa,
871 2722 1068 2788 sanctitatis
1083 2723 1153 2788 Ed·

208 2824 318 2888 wardi
339 2823 544 2888 miraculum
569 2824 682 2886 auxit.
735 2823 942 2888 Multotiens
963 2843 1042 2886 eum
1062 2823 1154 2888 hanc

207 2930 341 3006 pestem
364 2925 402 2987 in
429 2923 646 2988 Normannia
669 2920 812 2988 sedasse·
832 2922 960 3001 ferunt,
983 2923 1044 3005 qui
1065 2922 1155 2986 inte

210 3024 282 3087 rius
304 3023 382 3107 ejus
399 3023 508 3087 vitam
530 3028 701 3086 noverunt
719 3041 727 3086 :
756 3021 848 3085 unde
862 3029 981 3087 nostro
998 3028 1155 3104 tempore

209 3122 352 3204 quidam
381 3122 505 3186 falsam
526 3113 722 3185 4insumunt
748 3138 901 3204 operam,
928 3122 988 3205 qui
1017 3140 1152 3186 asseve-

208 3230 288 3287 rant
304 3223 407 3285 istius
423 3221 534 3286 morbi
559 3221 772 3284 curationem
796 3241 866 3285 non
885 3241 932 3285 ex
953 3222 1152 3299 sanctitate,

206 3320 267 3384 sed
285 3341 331 3384 ex
347 3321 475 3401 regalis
492 3320 664 3400 prosapia
680 3313 908 3395 ⁵beereditate,
924 3319 1080 3383 fluxisse.

256 3419 275 3501 ξ
300 3417 378 3482 223.
402 3417 564 3482 Caecatus
589 3415 742 3499 quidam,
768 3435 839 3498 quo
864 3413 1081 3481 incommodo
1102 3417 1154 3481 in.

206 3524 351 3594 certum,
376 3535 548 3580 rumorem
573 3513 789 3598 frequentem
821 3516 859 3578 in
886 3517 984 3580 curie
1015 3523 1154 3581 severat

206 3617 391 3680 sanitatem
418 3634 456 3679 se
481 3621 702 3697 recepturum
729 3615 762 3677 si
788 3633 880 3696 aqua
906 3634 952 3678 ex
974 3615 1153 3679 ablutione

239 3904 408 3967 wascum]
436 3901 470 3955 A·
500 3904 530 3954 C·
553 3905 589 3956 D·
611 3903 665 3967 Εὐ
756 3891 759 3895 ¹

205 3977 347 4026 omimin
359 3976 388 4024 S·
400 3974 431 4023 L·
692 4010 698 4023 ι
725 3936 898 4022 {Incurrunt}
915 3939 949 3991 A.
963 3941 992 3990 C.
1004 3940 1040 3992 D.
1058 3941 1092 3991 E.
1103 3939 1153 4001 L.;

238 4039 410 4112 ‘ammes
435 4041 665 4107 aenam
690 4011 871 4075 msmuungs.

207 4253 430 4319 umen,r.ae.
508 4260 510 4266 '
