3180 5048
243 477 382 556 nrn.11.]
462 492 579 540 cussa
603 493 730 541 aucun
753 494 968 544 rucuouuu.
1127 481 1190 546 231

243 650 337 713 cabit
370 649 431 731 qui
463 649 631 729 cogitabit
663 656 832 731 quantum
866 657 1011 714 conetur
1043 649 1191 714 hominis

242 749 385 812 audacis
413 748 622 831 desperatio,
648 755 683 810 et
708 767 812 831 quam
833 769 956 831 parum
978 749 1117 814 valeant
1139 751 1194 814 illi·

242 847 473 931 provinciales
502 848 539 910 in
569 847 702 930 praelio.
759 846 847 911 Inde
876 849 1081 929 repatrians
1105 869 1190 932 que-

243 947 351 1011 relam
385 946 476 1029 apud
511 966 628 1028 regem
660 946 873 1012 Francorum
898 947 940 1010 de
973 947 1103 1012 domini
1133 949 1188 1013 sui

243 1046 388 1129 perfidia
426 1045 599 1127 deposuit,
642 1064 724 1108 nam
752 1053 788 1110 et
822 1046 980 1110 Riulfum
1012 1046 1107 1112 fama
1137 1048 1187 1111 fe-

242 1146 342 1209 rebat
385 1145 422 1209 in
444 1145 592 1209 vinculis
625 1151 805 1211 caecatum.
867 1145 986 1223 Quare
1019 1146 1063 1210 ad
1092 1147 1188 1231 judi-

243 1246 335 1308 cium
351 1252 517 1309 evocatus
533 1243 689 1322 Parisiis,
706 1250 742 1308 et
759 1245 804 1308 ab
826 1246 930 1309 obvio
954 1245 1020 1310 sibi
1035 1245 1188 1310 Balzone

242 1345 307 1407 sub
334 1337 466 1426 ¹specie
487 1343 652 1426 colloquii
675 1345 914 1420 obtruncatus,
940 1344 978 1408 in
1001 1345 1127 1422 medio,
1149 1352 1189 1410 ut

243 1443 354 1520 aiunt,
364 1437 560 1525 ²Sequanae,
576 1441 731 1526 perfidiae
747 1462 832 1520 suae,
842 1450 878 1508 et
891 1444 953 1508 irae
969 1443 1075 1521 illius,
1086 1445 1189 1509 satis-

242 1542 335 1607 fecit.
380 1542 549 1609 Interitus
571 1543 647 1626 eJus
672 1542 841 1608 diutinam
868 1543 959 1606 inter
976 1543 1130 1607 Francos
1153 1551 1188 1608 et

243 1641 279 1706 N
281 1660 465 1706 ormannos
480 1640 687 1706 discordiam
703 1642 849 1724 peperit,
867 1635 975 1708 donec
991 1662 1053 1724 per
1067 1643 1187 1706 indus·

243 1743 346 1805 triam
373 1741 517 1805 Ricardi
544 1740 606 1804 filii
631 1741 740 1821 ipsius
774 1740 876 1804 finem
903 1742 1038 1822 accepit
1058 1742 1188 1806 virtute

241 1859 306 1905 sua
337 1840 491 1922 dignum.
538 1832 667 1904 8Porro
696 1840 889 1904 veraciores
919 1840 1030 1905 literae
1056 1841 1187 1918 dicunt,

241 1939 351 2017 illum,
377 1939 564 2004 contractis
589 1938 778 2003 inimicitiis
804 1958 882 2002 cum
900 1938 1046 2004 Ernulso
1062 1940 1188 2003 comite

242 2038 429 2116 Flandriae,
451 2057 557 2103 unum
581 2058 627 2102 ex
650 2038 804 2104 castellis
826 2037 902 2121 ejus
928 2039 1142 2120 pervasisse3
1166 2059 1188 2103 a

242 2158 311 2220 quo
339 2138 504 2202 simulata
531 2137 712 2202 voluntate
737 2136 877 2202 foederis
902 2138 947 2202 ad
976 2138 1187 2220 colloquium

240 2244 434 2315 evocatum,
449 2243 678 2320 consertoque
693 2255 850 2300 sermone
868 2237 906 2300 in
928 2238 1010 2302 navi
1027 2257 1089 2320 per
1104 2237 1187 2300 Bal-

240 2356 361 2400 zonem
382 2338 647 2402 obtruncatum:
676 2335 810 2400 clavem
836 2336 881 2400 ad
906 2335 983 2419 ejus
1011 2336 1188 2417 cingulum

241 2435 429 2514 inventam,
446 2454 601 2518 seraeque
618 2434 799 2498 familiaris
815 2435 932 2498 scrinii
948 2436 1186 2517 compositam,

240 2535 484 2599 monachilium
510 2535 789 2598 indumentorum
810 2527 923 2597 ⁴intus
951 2533 1187 2598 involutorum

242 2628 426 2698 ⁵indioium
442 2633 565 2698 fecisse
588 2632 681 2715 quod
705 2651 840 2714 semper
860 2633 951 2694 inter
969 2631 1061 2695 bella
1080 2632 1187 2696 medi-

130 2807 137 2818 ,
239 2740 374 2797 taretur
398 2726 605 2796 ⁶monachus
632 2731 705 2795 fore
730 2730 823 2813 apud
848 2729 1059 2811 Gimegium,
1082 2750 1185 2812 quem

239 2833 366 2909 locum,
384 2851 405 2895 a
425 2838 580 2926 tempore
597 2829 761 2911 Hasteng
772 2830 959 2907 desertum,
975 2830 1050 2912 ipse
1066 2827 1188 2893 fructi-

240 2932 330 2995 cosis
350 2931 506 2994 sentibus
533 2929 789 3006 eruderaverat,
812 2937 847 2993 et
874 2929 1030 2993 adhunc
1055 2935 1188 2994 statum

240 3032 300 3112 qui
316 3030 419 3094 modo
436 3036 490 3094 est
504 3029 687 3112 principali
704 3028 922 3111 indulgentia
939 3034 1110 3091 erexerat.

276 3315 406 3382 'Specte.]
435 3316 464 3366 S.
486 3318 517 3366 C.
541 3315 576 3366 D.
593 3317 627 3366 E.
646 3316 685 3364 M.
692 3329 700 3376 3
727 3327 781 3362 was
793 3312 930 3374 appointed
938 3313 1053 3360 between
1064 3311 1106 3359 the
1118 3310 1188 3360 duke

240 3402 295 3449 spe,
306 3387 340 3436 A.
352 3387 383 3436 L.
727 3383 778 3432 and
789 3382 887 3430 Amoul
905 3387 932 3430 at
943 3381 1134 3441 Picquignyon
1145 3379 1188 3428 the

275 3454 436 3520 'Seqnanoe.]
452 3453 506 3502 The
522 3455 596 3503 Scine
607 3453 630 3502 is
641 3453 701 3501 here
726 3453 835 3513 Summe,
846 3451 920 3499 when
937 3450 980 3498 the
994 3449 1093 3497 count's
1104 3449 1189 3496 eham·

239 3524 701 3584 writtenincorrcetlylortheSomme.
726 3522 832 3581 berlain,
844 3521 924 3568 Balno
940 3519 965 3568 le
978 3518 1067 3579 Gourt,
1082 3518 1188 3566 affected

275 3593 384 3644 8Ρυννο
404 3594 539 3644 coracinet
560 3595 638 3642 litere
664 3592 701 3640 di·
726 3591 768 3639 the
788 3590 880 3640 duke’s
899 3588 1088 3638 assassination.
1106 3586 1190 3652 (Bou-

238 3666 318 3728 cant.]
335 3665 449 3714 Willium
469 3664 498 3712 of
511 3661 646 3724 Jumieges
663 3676 703 3710 re·
726 3665 798 3722 quet,
809 3672 848 3708 rx.
860 3655 914 3722 78.)

238 3734 302 3783 lates
322 3734 377 3782 that
387 3733 485 3784 Amoul
497 3736 574 3781 count
584 3732 614 3780 of
625 3731 702 3780 Flan-
762 3727 879 3792 ssata]
902 3727 936 3776 A.
949 3726 978 3776 S.
993 3726 1024 3776 C.
1041 3724 1076 3774 D.
1089 3725 1120 3775 1..
1132 3725 1189 3785 M.;

238 3804 306 3865 ders,
323 3804 417 3865 having
434 3802 543 3852 invaded
560 3803 603 3850 the
622 3801 701 3850 castle
727 3799 833 3848 omitted
844 3799 870 3845 in
882 3798 915 3845 E.

238 3873 267 3921 of
283 3874 423 3923 Montreuil
449 3872 586 3934 belonging
608 3875 634 3920 to
653 3884 700 3918 one
764 3866 928 3929 ⁶lndicium.]
952 3863 987 3914 A.
1000 3864 1028 3914 S.
1043 3864 1073 3913 C.
1086 3863 1121 3911 D.
1138 3861 1191 3922 ἂς

238 3943 322 3991 Count
345 3942 465 4004 Herium,
482 3941 542 3989 who
560 3941 701 4001 thereupon
726 3939 856 3999 indititim,
867 3938 901 3986 E.

238 4012 331 4074 sought
341 4012 383 4060 the
395 4011 533 4073 protectior
550 4010 578 4059 of
586 4010 699 4058 William
761 3998 939 4071 ⁶hierarchae]
959 4004 993 4053 A.
1017 4001 1052 4051 D.
1075 4002 1107 4050 Ε.
1133 3999 1189 4059 Μ,;

237 4082 307 4131 duke
319 4081 348 4131 ol
357 4081 515 4144 Normandy,
526 4096 543 4130 a
554 4079 700 4130 conferenee
727 4077 812 4138 modo,
824 4076 853 4126 S.
867 4077 898 4125 C.
910 4075 941 4122 1..
