3190 5060
148 469 149 472 ’
222 492 291 540 urs.
309 475 366 555 11.]
452 490 566 539 unsri
591 491 717 540 nneuu
741 492 957 555 suenorum.
1109 481 1175 546 169

223 649 495 714 Sumersetensis
519 651 603 734 pagi
621 670 747 726 comeS,
765 645 819 715 ¹in
834 651 910 736 ejus
928 655 1173 720 contumeliam

224 751 409 834 conjurati,
420 771 528 831 regno
542 771 621 814 eum
636 753 842 833 proturbare
859 753 1081 833 nitebantur3
1099 756 1173 832 sed,

223 849 404 914 maturiori
429 850 603 915 mediante
628 850 786 928 consilio,
817 871 962 932 regnum
988 853 1079 917 inter
1109 875 1173 937 pa-

222 956 355 1014 rentem
369 957 405 1013 et
419 950 552 1031 prolem
574 949 735 1013 divisum.
789 949 931 1033 Injusta
955 970 997 1014 ea
1011 951 1078 1016 fuit
1092 973 1175 1035 par-

222 1048 312 1112 titio.
365 1048 465 1112 Adeo
480 1050 682 1130 malignitas
701 1050 903 1135 obtinuerat,
921 1056 961 1114 ut
983 1070 1065 1133 pars
1080 1054 1172 1117 occi-

222 1148 371 1212 dentalis
386 1148 509 1212 melior
525 1148 609 1226 filio,
627 1148 778 1212 deterior
793 1149 971 1214 orientalis
986 1151 1091 1233 patri,
1109 1152 1171 1216 da-

189 1242 192 1252 '
221 1257 331 1311 retur,
399 1247 637 1312 Veruntamen
674 1248 734 1311 ille
766 1248 960 1312 incredibili
988 1250 1172 1316 clementia
1215 1252 1217 1256 ’

223 1343 426 1430 (plusquam
457 1346 559 1410 civile
585 1347 713 1410 bellum
736 1345 942 1432 formidans)
966 1351 1171 1432 aequanimi-

222 1451 278 1508 ter
292 1445 364 1510 filio
383 1447 507 1525 cessit3
527 1447 770 1528 provinciales
788 1448 849 1529 qui
866 1446 1072 1528 dignitatem
1094 1450 1170 1534 ejus

222 1545 388 1609 asserturi
419 1554 665 1624 convenerant,
695 1546 765 1609 leni
799 1546 957 1611 oratione
993 1547 1172 1614 cohibens,

222 1643 292 1721 Ita,
307 1646 467 1727 quamvis
490 1645 601 1708 omnis
623 1646 861 1710 controversia
885 1665 949 1728 pro
975 1647 1171 1728 alienigena

221 1763 331 1807 uxore
360 1744 475 1822 fuerit,
504 1748 633 1826 magna
659 1745 754 1808 illam
788 1745 988 1826 dignatione
1016 1745 1170 1811 habitam

194 1901 196 1904 .
220 1842 345 1908 throno
356 1845 472 1922 etiam,
488 1852 608 1908 contra
619 1863 749 1909 morem
760 1844 1071 1922 west-Saxonum,
1084 1847 1169 1930 jux-

220 1949 259 2006 ta
281 1962 319 2006 se
343 1943 502 2024 locabat3
527 1964 597 2008 non
614 1945 705 2007 enim
720 1944 998 2010 West-Saxones
1012 1945 1169 2026 reginam

220 2042 277 2105 vel
293 2041 401 2124 juxta
425 2063 541 2125 regem
564 2043 695 2121 sedere,
712 2044 769 2108 vel
782 2044 913 2125 reginae
936 2044 1169 2126 appellatione

219 2141 390 2222 insigniri,
415 2143 607 2224 patiuntur,
623 2136 784 2226 ²proptcr
809 2142 978 2207 malitiam
994 2143 1168 2226 Edburgae
1181 2165 1277 2207 scanni
1295 2170 1319 2208 or

220 2240 300 2304 filiae
317 2241 405 2304 Offae
420 2242 512 2328 regis
523 2241 744 2307 Merciorum.
783 2241 848 2319 Ea,
862 2236 915 2307 ³ut
931 2243 1168 2325 praediximus,
1181 2216 1307 2308 {iiiiii-

220 2335 395 2404 Bribtrico
420 2343 495 2422 regi
512 2341 810 2407 west-Saxonum
835 2349 957 2424 nupta,
982 2339 1169 2425 benignum
1181 2319 1225 2357 ⁸⁰²

218 2437 277 2524 (ut
293 2437 408 2524 aiunt)
424 2441 536 2506 virum
558 2440 595 2504 in
616 2440 802 2524 perniciem
820 2441 996 2505 insontum
1019 2462 1169 2526 nequam

219 2539 372 2602 consiliis
390 2559 545 2620 armare3
567 2560 655 2624 quos
670 2560 753 2604 vero
766 2541 966 2604 insimulare
987 2543 1167 2623 nequibat,

218 2639 417 2720 potionibus
448 2640 564 2704 noxiis
597 2640 813 2723 intercipere.
875 2639 1099 2722 Compertum
1130 2641 1168 2704 in

218 2738 368 2820 quodam
400 2739 658 2804 adolescentulo
691 2741 766 2821 regi
796 2738 1033 2815 dilectissimo,
1065 2759 1167 2821 quem

216 2836 278 2901 illa
294 2858 428 2920 veneno
443 2839 603 2920 sustulit3
625 2838 873 2921 confestimque
892 2837 1085 2902 Brihtricus
1107 2839 1167 2902 de·

217 2938 347 3016 cubuit,
362 2945 398 3002 et
412 2938 571 3016 decessit,
588 2939 680 3022 quod
701 2959 746 3002 ex
766 2945 852 3020 potu
874 2939 949 3001 sine
966 2938 1096 3020 reginae
1113 2938 1166 3001 ni·

216 3037 339 3101 mirum
357 3038 568 3102 conscientia
584 3044 874 3120 praegustaverat.
926 3037 1066 3101 Effusus
1082 3058 1165 3119 ergo

217 3155 335 3200 rumor
358 3138 393 3199 in
416 3138 542 3218 vulgus
565 3138 753 3202 veneficam
778 3157 886 3219 regno
911 3138 1077 3202 excedere
1106 3158 1165 3201 co·

171 3229 177 3240 '
217 3236 299 3316 egit.
351 3236 431 3313 Illa,
448 3237 492 3299 ad
509 3236 680 3300 Karolum
694 3244 858 3318 magnum
885 3236 1052 3318 profecta,
1075 3237 1166 3301 forte

217 3353 293 3396 cum
311 3354 380 3400 uno
394 3336 543 3399 filiorum
558 3342 708 3401 stantem
722 3337 855 3399 invenit
869 3356 877 3414 ;
896 3336 1022 3398 oblatis
1039 3337 1165 3414 xeniis,

216 3434 415 3516 imperator,
439 3434 648 3499 ludibundus
667 3442 702 3498 et
721 3434 794 3518 joci
816 3435 951 3517 plenus,
967 3453 1043 3498 eam
1062 3453 1166 3516 quem

216 3533 346 3610 mallet,
360 3535 417 3598 vel
434 3554 471 3598 se
487 3534 544 3598 vel
559 3535 679 3611 filium,
696 3533 823 3613 eligere
845 3533 1022 3615 praecepit.
1074 3533 1165 3596 Tum

216 3631 392 3714 Edburga,
402 3634 683 3698 contuituviridis
695 3631 971 3716 pulchritudinis,
980 3630 1166 3713 ephoebum

215 3731 376 3812 eligente,
393 3733 547 3796 Karolus
572 3732 727 3797 nonnihil
748 3739 863 3796 motus
882 3731 1079 3814 respondit:
1103 3731 1165 3794 ‘Si

128 3905 134 3916 ,
215 3849 269 3893 me
294 3832 471 3912 elegisses
493 3833 601 3896 filium
628 3851 742 3895 meum
766 3831 933 3910 haberes;
976 3830 1055 3907 sed,
1081 3831 1165 3913 quia

214 3929 323 3993 filium
336 3950 450 3994 meum
473 3931 621 4012 elegisti,
640 3952 702 3995 nec
719 3950 774 3994 me
789 3950 852 3994 nec
874 3931 973 3994 illum
996 3929 1164 3993 habebis!

249 4096 258 4128 ¹
278 4100 309 4147 Iu
330 4099 382 4161 qius
406 4100 573 4148 coutumeliam
594 4099 674 4160 conja-
733 4095 859 4160 ²Propter
876 4097 997 4146 malitiam
1016 4097 1163 4160 Edburgoe.]

211 4169 284 4232 ruti]
302 4170 425 4230 Compare
436 4171 478 4218 the
491 4169 572 4217 whole
583 4169 612 4218 of
624 4169 674 4216 this
698 4168 778 4216 Aeser
789 4169 880 4215 afflrms
892 4167 947 4215 that
961 4167 1012 4215 this
1028 4170 1098 4227 story
1109 4180 1164 4214 was

212 4239 306 4286 section
317 4239 381 4287 with
395 4239 495 4288 Asser’s
511 4239 566 4287 Life
577 4239 606 4288 of
614 4239 675 4287 Ael-
699 4237 797 4286 related
808 4241 833 4285 to
845 4237 896 4284 him
907 4237 941 4297 by
953 4235 1066 4284 Aelfred.

210 4305 274 4371 fred,
286 4309 367 4358 under
376 4308 420 4358 the
431 4321 493 4370 year
503 4313 560 4358 855.
736 4305 796 4355 ³Ut
806 4306 991 4370 prediximus]
1008 4305 1075 4368 Md,
1083 4321 1109 4367 p.
1121 4309 1165 4370 59,
