<?xml version="1.0" encoding="UTF-8"?>
<!DOCTYPE html PUBLIC "-//W3C//DTD XHTML 1.0 Transitional//EN"
    "http://www.w3.org/TR/xhtml1/DTD/xhtml1-transitional.dtd">
<html xmlns="http://www.w3.org/1999/xhtml" xml:lang="en" lang="en">
 <head>
  <title>
</title>
<meta http-equiv="Content-Type" content="text/html;charset=utf-8" />
  <meta name='ocr-system' content='tesseract 3.04.00' />
  <meta name='ocr-capabilities' content='ocr_page ocr_carea ocr_par ocr_line ocrx_word'/>
</head>
<body>
  <div class='ocr_page' id='page_1' title='image "./willelmimalmesb01hardgoog_0102.png"; bbox 0 0 3190 5060; ppageno 0'>
   <div class='ocr_carea' id='block_1_1' title="bbox 354 457 1358 538">
    <p class='ocr_par' dir='ltr' id='par_1_1' title="bbox 354 457 1358 538">
     <span class='ocr_line' id='line_1_1' title="bbox 354 457 1358 538; baseline -0.009 -9"><span class='ocrx_word' id='word_1_1' title='bbox 354 485 358 492; x_wconf 93' lang='lat'>·</span> <span class='ocrx_word' id='word_1_2' title='bbox 406 463 450 528; x_wconf 82' lang='lat'>88</span> <span class='ocrx_word' id='word_1_3' title='bbox 626 479 740 526; x_wconf 76' lang='lat' dir='ltr'>cnsrn</span> <span class='ocrx_word' id='word_1_4' title='bbox 767 476 893 526; x_wconf 77' lang='lat' dir='ltr'>uncum</span> <span class='ocrx_word' id='word_1_5' title='bbox 920 474 1133 522; x_wconf 76' lang='lat' dir='ltr'>nucnonuu.</span> <span class='ocrx_word' id='word_1_6' title='bbox 1232 457 1317 538; x_wconf 78' lang='lat' dir='ltr'>[um.</span> <span class='ocrx_word' id='word_1_7' title='bbox 1334 473 1358 520; x_wconf 93' lang='lat'>1.</span> 
     </span>
    </p>
   </div>
   <div class='ocr_carea' id='block_1_2' title="bbox 247 628 1360 720">
    <p class='ocr_par' dir='ltr' id='par_1_2' title="bbox 247 628 1360 720">
     <span class='ocr_line' id='line_1_2' title="bbox 247 628 1360 720; baseline 0 -26"><span class='ocrx_word' id='word_1_8' title='bbox 247 655 378 696; x_wconf 62' lang='lat' dir='ltr'>amunta</span> <span class='ocrx_word' id='word_1_9' title='bbox 428 639 430 644; x_wconf 80' lang='grc'><strong>“</strong></span> <span class='ocrx_word' id='word_1_10' title='bbox 460 633 547 716; x_wconf 72' lang='lat' dir='ltr'>§aa</span> <span class='ocrx_word' id='word_1_11' title='bbox 572 633 631 698; x_wconf 89' lang='lat' dir='ltr'>Ita</span> <span class='ocrx_word' id='word_1_12' title='bbox 653 628 662 666; x_wconf 93' lang='lat'>¹</span> <span class='ocrx_word' id='word_1_13' title='bbox 665 636 740 720; x_wconf 90' lang='lat' dir='ltr'>jam</span> <span class='ocrx_word' id='word_1_14' title='bbox 764 635 907 699; x_wconf 89' lang='lat' dir='ltr'>celebris</span> <span class='ocrx_word' id='word_1_15' title='bbox 922 641 997 699; x_wconf 90' lang='lat' dir='ltr'>erat</span> <span class='ocrx_word' id='word_1_16' title='bbox 1011 634 1116 711; x_wconf 88' lang='lat' dir='ltr'>fama,</span> <span class='ocrx_word' id='word_1_17' title='bbox 1139 639 1179 696; x_wconf 90' lang='lat' dir='ltr'>ut</span> <span class='ocrx_word' id='word_1_18' title='bbox 1194 632 1231 695; x_wconf 89' lang='lat' dir='ltr'>in</span> <span class='ocrx_word' id='word_1_19' title='bbox 1245 651 1360 715; x_wconf 87' lang='lat' dir='ltr'>quaes-</span> 
     </span>
    </p>
   </div>
   <div class='ocr_carea' id='block_1_3' title="bbox 248 705 349 796">
    <p class='ocr_par' dir='ltr' id='par_1_3' title="bbox 248 705 349 796">
     <span class='ocr_line' id='line_1_3' title="bbox 248 705 349 745; baseline 0.01 -1"><span class='ocrx_word' id='word_1_20' title='bbox 248 705 307 744; x_wconf 83' lang='lat' dir='ltr'>Beda</span> <span class='ocrx_word' id='word_1_21' title='bbox 316 717 349 745; x_wconf 85' lang='lat' dir='ltr'>re-</span> 
     </span>
     <span class='ocr_line' id='line_1_4' title="bbox 248 757 333 796; baseline 0.012 -2"><span class='ocrx_word' id='word_1_22' title='bbox 248 757 333 796; x_wconf 74' lang='lat' dir='ltr'>named.</span> 
     </span>
    </p>
   </div>
   <div class='ocr_carea' id='block_1_4' title="bbox 408 731 1361 1119">
    <p class='ocr_par' dir='ltr' id='par_1_4' title="bbox 408 731 1361 1119">
     <span class='ocr_line' id='line_1_5' title="bbox 408 731 1359 818; baseline -0.002 -22"><span class='ocrx_word' id='word_1_23' title='bbox 408 733 561 798; x_wconf 88' lang='lat' dir='ltr'><strong>tionibus</strong></span> <span class='ocrx_word' id='word_1_24' title='bbox 585 735 775 800; x_wconf 83' lang='lat' dir='ltr'>enodandis</span> <span class='ocrx_word' id='word_1_25' title='bbox 799 735 970 818; x_wconf 82' lang='lat' dir='ltr'>indigeret</span> <span class='ocrx_word' id='word_1_26' title='bbox 992 754 1034 798; x_wconf 92' lang='lat' dir='ltr'>eo</span> <span class='ocrx_word' id='word_1_27' title='bbox 1062 733 1256 797; x_wconf 86' lang='lat' dir='ltr'>sublimitas</span> <span class='ocrx_word' id='word_1_28' title='bbox 1286 731 1359 795; x_wconf 90' lang='lat' dir='ltr'>Ro·</span> 
     </span>
     <span class='ocr_line' id='line_1_6' title="bbox 409 833 1361 917; baseline -0.003 -21"><span class='ocrx_word' id='word_1_29' title='bbox 409 852 524 911; x_wconf 89' lang='lat' dir='ltr'>mana,</span> <span class='ocrx_word' id='word_1_30' title='bbox 551 855 614 898; x_wconf 89' lang='lat' dir='ltr'>nec</span> <span class='ocrx_word' id='word_1_31' title='bbox 639 855 721 900; x_wconf 86' lang='lat' dir='ltr'>vero</span> <span class='ocrx_word' id='word_1_32' title='bbox 750 854 903 917; x_wconf 83' lang='lat' dir='ltr'>unquam</span> <span class='ocrx_word' id='word_1_33' title='bbox 933 833 1138 899; x_wconf 86' lang='lat' dir='ltr'>Gallicanus</span> <span class='ocrx_word' id='word_1_34' title='bbox 1168 840 1284 896; x_wconf 90' lang='lat' dir='ltr'>tumor</span> <span class='ocrx_word' id='word_1_35' title='bbox 1308 833 1361 893; x_wconf 90' lang='lat' dir='ltr'>in-</span> 
     </span>
     <span class='ocr_line' id='line_1_7' title="bbox 411 930 1359 1018; baseline -0.002 -22"><span class='ocrx_word' id='word_1_36' title='bbox 411 934 568 997; x_wconf 89' lang='lat' dir='ltr'>venitin</span> <span class='ocrx_word' id='word_1_37' title='bbox 595 933 725 1018; x_wconf 88' lang='lat' dir='ltr'>Anglo‚</span> <span class='ocrx_word' id='word_1_38' title='bbox 752 934 845 1018; x_wconf 91' lang='lat' dir='ltr'>quod</span> <span class='ocrx_word' id='word_1_39' title='bbox 875 941 1037 1017; x_wconf 87' lang='lat' dir='ltr'>argueret</span> <span class='ocrx_word' id='word_1_40' title='bbox 1064 933 1198 996; x_wconf 88' lang='lat' dir='ltr'>merito.</span> <span class='ocrx_word' id='word_1_41' title='bbox 1259 930 1359 994; x_wconf 89' lang='lat' dir='ltr'>Adeo</span> 
     </span>
     <span class='ocr_line' id='line_1_8' title="bbox 412 1031 1361 1119; baseline -0.002 -24"><span class='ocrx_word' id='word_1_42' title='bbox 412 1031 586 1098; x_wconf 79' lang='lat' dir='ltr'>Latinitas</span> <span class='ocrx_word' id='word_1_43' title='bbox 604 1036 716 1098; x_wconf 89' lang='lat' dir='ltr'>omnis</span> <span class='ocrx_word' id='word_1_44' title='bbox 741 1036 817 1119; x_wconf 88' lang='lat' dir='ltr'>ejus</span> <span class='ocrx_word' id='word_1_45' title='bbox 834 1034 913 1098; x_wconf 87' lang='lat' dir='ltr'>fidei</span> <span class='ocrx_word' id='word_1_46' title='bbox 938 1041 974 1098; x_wconf 87' lang='lat' dir='ltr'>et</span> <span class='ocrx_word' id='word_1_47' title='bbox 995 1033 1196 1115; x_wconf 87' lang='lat' dir='ltr'>magisterio</span> <span class='ocrx_word' id='word_1_48' title='bbox 1210 1032 1361 1114; x_wconf 87' lang='lat' dir='ltr'>palmam</span> 
     </span>
    </p>
   </div>
   <div class='ocr_carea' id='block_1_5' title="bbox 374 1130 1362 1208">
    <p class='ocr_par' dir='ltr' id='par_1_5' title="bbox 374 1130 1362 1208">
     <span class='ocr_line' id='line_1_9' title="bbox 374 1130 1362 1208; baseline -0.001 -14"><span class='ocrx_word' id='word_1_49' title='bbox 374 1132 518 1199; x_wconf 51' lang='lat' dir='ltr'>2-,dedia</span> <span class='ocrx_word' id='word_1_50' title='bbox 589 1133 683 1198; x_wconf 91' lang='lat' dir='ltr'>Nam</span> <span class='ocrx_word' id='word_1_51' title='bbox 712 1142 748 1198; x_wconf 92' lang='lat' dir='ltr'>et</span> <span class='ocrx_word' id='word_1_52' title='bbox 777 1134 857 1198; x_wconf 88' lang='lat' dir='ltr'>fidei</span> <span class='ocrx_word' id='word_1_53' title='bbox 885 1153 979 1197; x_wconf 90' lang='lat' dir='ltr'>sanae</span> <span class='ocrx_word' id='word_1_54' title='bbox 1011 1141 1046 1197; x_wconf 90' lang='lat' dir='ltr'>ct</span> <span class='ocrx_word' id='word_1_55' title='bbox 1074 1133 1269 1208; x_wconf 69' lang='lat' dir='ltr'>incuriosae,</span> <span class='ocrx_word' id='word_1_56' title='bbox 1301 1130 1362 1194; x_wconf 88' lang='lat' dir='ltr'>sed</span> 
     </span>
    </p>
   </div>
   <div class='ocr_carea' id='block_1_6' title="bbox 410 1213 1368 2718">
    <p class='ocr_par' dir='ltr' id='par_1_6' title="bbox 410 1213 1368 2718">
     <span class='ocr_line' id='line_1_10' title="bbox 412 1213 1363 1317; baseline -0.002 -21"><span class='ocrx_word' id='word_1_57' title='bbox 412 1213 523 1297; x_wconf 81' lang='lat' dir='ltr'>dulcis</span> <span class='ocrx_word' id='word_1_58' title='bbox 545 1234 611 1298; x_wconf 87' lang='lat' dir='ltr'>fuit</span> <span class='ocrx_word' id='word_1_59' title='bbox 629 1234 852 1317; x_wconf 76' lang='lat' dir='ltr'>eloquentiae,</span> <span class='ocrx_word' id='word_1_60' title='bbox 874 1235 911 1297; x_wconf 91' lang='lat' dir='ltr'>in</span> <span class='ocrx_word' id='word_1_61' title='bbox 930 1234 1089 1298; x_wconf 85' lang='lat' dir='ltr'>omnibus</span> <span class='ocrx_word' id='word_1_62' title='bbox 1107 1231 1363 1313; x_wconf 83' lang='lat' dir='ltr'>explanationi-</span> 
     </span>
     <span class='ocr_line' id='line_1_11' title="bbox 411 1331 1363 1422; baseline -0.004 -26"><span class='ocrx_word' id='word_1_63' title='bbox 411 1333 477 1396; x_wconf 90' lang='lat' dir='ltr'>bus</span> <span class='ocrx_word' id='word_1_64' title='bbox 500 1333 695 1398; x_wconf 84' lang='lat' dir='ltr'>divinerum</span> <span class='ocrx_word' id='word_1_65' title='bbox 718 1334 967 1416; x_wconf 86' lang='lat' dir='ltr'>scripturarum</span> <span class='ocrx_word' id='word_1_66' title='bbox 990 1333 1103 1422; x_wconf 87' lang='lat' dir='ltr'>magis</span> <span class='ocrx_word' id='word_1_67' title='bbox 1127 1332 1188 1395; x_wconf 92' lang='lat' dir='ltr'>illa</span> <span class='ocrx_word' id='word_1_68' title='bbox 1217 1331 1363 1394; x_wconf 84' lang='lat' dir='ltr'>rimatus</span> 
     </span>
     <span class='ocr_line' id='line_1_12' title="bbox 412 1429 1364 1515; baseline -0.001 -20"><span class='ocrx_word' id='word_1_69' title='bbox 412 1433 539 1515; x_wconf 90' lang='lat' dir='ltr'>quibus</span> <span class='ocrx_word' id='word_1_70' title='bbox 561 1434 670 1498; x_wconf 86' lang='lat' dir='ltr'>lector</span> <span class='ocrx_word' id='word_1_71' title='bbox 693 1434 761 1497; x_wconf 90' lang='lat' dir='ltr'>Dei</span> <span class='ocrx_word' id='word_1_72' title='bbox 782 1434 1001 1499; x_wconf 89' lang='lat' dir='ltr'>dilectionem</span> <span class='ocrx_word' id='word_1_73' title='bbox 1032 1440 1068 1496; x_wconf 89' lang='lat' dir='ltr'>et</span> <span class='ocrx_word' id='word_1_74' title='bbox 1093 1431 1243 1514; x_wconf 84' lang='lat' dir='ltr'>proximi</span> <span class='ocrx_word' id='word_1_75' title='bbox 1270 1429 1364 1495; x_wconf 90' lang='lat' dir='ltr'>cohi-</span> 
     </span>
     <span class='ocr_line' id='line_1_13' title="bbox 410 1531 1364 1616; baseline -0.003 -20"><span class='ocrx_word' id='word_1_76' title='bbox 410 1533 522 1610; x_wconf 84' lang='lat' dir='ltr'>beret,</span> <span class='ocrx_word' id='word_1_77' title='bbox 549 1553 654 1616; x_wconf 88' lang='lat' dir='ltr'>quam</span> <span class='ocrx_word' id='word_1_78' title='bbox 682 1533 743 1596; x_wconf 91' lang='lat' dir='ltr'>illa</span> <span class='ocrx_word' id='word_1_79' title='bbox 772 1535 898 1616; x_wconf 91' lang='lat' dir='ltr'>quibus</span> <span class='ocrx_word' id='word_1_80' title='bbox 933 1533 990 1597; x_wconf 91' lang='lat' dir='ltr'>vel</span> <span class='ocrx_word' id='word_1_81' title='bbox 1026 1533 1117 1596; x_wconf 87' lang='lat' dir='ltr'>sales</span> <span class='ocrx_word' id='word_1_82' title='bbox 1152 1531 1278 1594; x_wconf 86' lang='lat' dir='ltr'>libaret</span> <span class='ocrx_word' id='word_1_83' title='bbox 1308 1531 1364 1594; x_wconf 92' lang='lat' dir='ltr'>vel</span> 
     </span>
     <span class='ocr_line' id='line_1_14' title="bbox 414 1630 1363 1715; baseline -0.003 -20"><span class='ocrx_word' id='word_1_84' title='bbox 414 1633 543 1714; x_wconf 85' lang='lat' dir='ltr'>linguae</span> <span class='ocrx_word' id='word_1_85' title='bbox 566 1634 760 1715; x_wconf 84' lang='lat' dir='ltr'>rubiginem</span> <span class='ocrx_word' id='word_1_86' title='bbox 782 1634 930 1698; x_wconf 86' lang='lat' dir='ltr'>limaret.</span> <span class='ocrx_word' id='word_1_87' title='bbox 984 1632 1095 1696; x_wconf 88' lang='lat' dir='ltr'>Porro</span> <span class='ocrx_word' id='word_1_88' title='bbox 1108 1631 1150 1694; x_wconf 91' lang='lat' dir='ltr'>de</span> <span class='ocrx_word' id='word_1_89' title='bbox 1164 1631 1246 1695; x_wconf 85' lang='lat' dir='ltr'>vitae</span> <span class='ocrx_word' id='word_1_90' title='bbox 1269 1630 1363 1693; x_wconf 92' lang='lat' dir='ltr'>illius</span> 
     </span>
     <span class='ocr_line' id='line_1_15' title="bbox 414 1729 1364 1816; baseline -0.003 -21"><span class='ocrx_word' id='word_1_91' title='bbox 414 1735 601 1796; x_wconf 84' lang='lat' dir='ltr'>sanctitate</span> <span class='ocrx_word' id='word_1_92' title='bbox 625 1733 784 1797; x_wconf 88' lang='lat' dir='ltr'>dubitare</span> <span class='ocrx_word' id='word_1_93' title='bbox 812 1752 1009 1816; x_wconf 86' lang='lat' dir='ltr'>quenquam</span> <span class='ocrx_word' id='word_1_94' title='bbox 1035 1738 1130 1795; x_wconf 89' lang='lat' dir='ltr'>arcet</span> <span class='ocrx_word' id='word_1_95' title='bbox 1154 1731 1250 1794; x_wconf 88' lang='lat' dir='ltr'>illius</span> <span class='ocrx_word' id='word_1_96' title='bbox 1280 1729 1364 1793; x_wconf 90' lang='lat' dir='ltr'>dicti</span> 
     </span>
     <span class='ocr_line' id='line_1_16' title="bbox 415 1822 1363 1916; baseline -0.001 -21"><span class='ocrx_word' id='word_1_97' title='bbox 415 1831 663 1914; x_wconf 85' lang='lat' dir='ltr'>irrefragabilis</span> <span class='ocrx_word' id='word_1_98' title='bbox 677 1834 807 1896; x_wconf 87' lang='lat' dir='ltr'>veritas</span> <span class='ocrx_word' id='word_1_99' title='bbox 823 1833 916 1916; x_wconf 88' lang='lat' dir='ltr'>quod</span> <span class='ocrx_word' id='word_1_100' title='bbox 939 1832 1084 1914; x_wconf 90' lang='lat' dir='ltr'>protulit</span> <span class='ocrx_word' id='word_1_101' title='bbox 1106 1830 1234 1894; x_wconf 91' lang='lat' dir='ltr'>mundo</span> <span class='ocrx_word' id='word_1_102' title='bbox 1257 1822 1363 1894; x_wconf 79' lang='lat' dir='ltr'>²divae</span> 
     </span>
     <span class='ocr_line' id='line_1_17' title="bbox 416 1926 1366 2018; baseline -0.002 -24"><span class='ocrx_word' id='word_1_103' title='bbox 416 1931 550 2013; x_wconf 73' lang='lat' dir='ltr'>sophim</span> <span class='ocrx_word' id='word_1_104' title='bbox 562 1932 740 2016; x_wconf 89' lang='lat' dir='ltr'>majestas,</span> <span class='ocrx_word' id='word_1_105' title='bbox 755 1937 765 1966; x_wconf 89' lang='lat'>‘</span> <span class='ocrx_word' id='word_1_106' title='bbox 778 1926 839 1996; x_wconf 79' lang='lat' dir='ltr'>³In</span> <span class='ocrx_word' id='word_1_107' title='bbox 856 1932 1054 2004; x_wconf 83' lang='lat' dir='ltr'>malivolam</span> <span class='ocrx_word' id='word_1_108' title='bbox 1068 1931 1218 1994; x_wconf 90' lang='lat' dir='ltr'>animam</span> <span class='ocrx_word' id='word_1_109' title='bbox 1233 1949 1302 1994; x_wconf 88' lang='lat' dir='ltr'>non</span> <span class='ocrx_word' id='word_1_110' title='bbox 1313 1930 1366 2018; x_wconf 83' lang='lat' dir='ltr'>in·</span> 
     </span>
     <span class='ocr_line' id='line_1_18' title="bbox 416 2030 1365 2113; baseline -0.001 -20"><span class='ocrx_word' id='word_1_111' title='bbox 416 2031 536 2094; x_wconf 84' lang='lat' dir='ltr'>troibit</span> <span class='ocrx_word' id='word_1_112' title='bbox 551 2033 733 2113; x_wconf 86' lang='lat' dir='ltr'>sapientia,</span> <span class='ocrx_word' id='word_1_113' title='bbox 748 2052 812 2097; x_wconf 88' lang='lat' dir='ltr'>nec</span> <span class='ocrx_word' id='word_1_114' title='bbox 828 2031 1037 2096; x_wconf 90' lang='lat' dir='ltr'>inhabitabit</span> <span class='ocrx_word' id='word_1_115' title='bbox 1061 2033 1097 2094; x_wconf 93' lang='lat' dir='ltr'>in</span> <span class='ocrx_word' id='word_1_116' title='bbox 1119 2050 1261 2112; x_wconf 85' lang='lat' dir='ltr'>corpore</span> <span class='ocrx_word' id='word_1_117' title='bbox 1284 2030 1365 2092; x_wconf 89' lang='lat' dir='ltr'>sub·</span> 
     </span>
     <span class='ocr_line' id='line_1_19' title="bbox 416 2129 1366 2214; baseline 0 -22"><span class='ocrx_word' id='word_1_118' title='bbox 416 2129 490 2194; x_wconf 90' lang='lat' dir='ltr'>dito</span> <span class='ocrx_word' id='word_1_119' title='bbox 510 2131 694 2212; x_wconf 86' lang='lat' dir='ltr'>peccatis:&#39;</span> <span class='ocrx_word' id='word_1_120' title='bbox 717 2132 810 2214; x_wconf 92' lang='lat' dir='ltr'>quod</span> <span class='ocrx_word' id='word_1_121' title='bbox 834 2131 877 2194; x_wconf 91' lang='lat' dir='ltr'>dc</span> <span class='ocrx_word' id='word_1_122' title='bbox 898 2132 1075 2195; x_wconf 89' lang='lat' dir='ltr'>mundana</span> <span class='ocrx_word' id='word_1_123' title='bbox 1094 2131 1265 2213; x_wconf 87' lang='lat' dir='ltr'>sapientia</span> <span class='ocrx_word' id='word_1_124' title='bbox 1286 2148 1366 2211; x_wconf 92' lang='lat' dir='ltr'>pro-</span> 
     </span>
     <span class='ocr_line' id='line_1_20' title="bbox 416 2228 1366 2314; baseline 0.001 -23"><span class='ocrx_word' id='word_1_125' title='bbox 416 2228 508 2293; x_wconf 87' lang='lat' dir='ltr'>fecto</span> <span class='ocrx_word' id='word_1_126' title='bbox 523 2251 590 2294; x_wconf 91' lang='lat' dir='ltr'>non</span> <span class='ocrx_word' id='word_1_127' title='bbox 613 2230 710 2308; x_wconf 89' lang='lat' dir='ltr'>dicit,</span> <span class='ocrx_word' id='word_1_128' title='bbox 734 2251 812 2314; x_wconf 89' lang='lat' dir='ltr'>quae</span> <span class='ocrx_word' id='word_1_129' title='bbox 835 2231 1069 2295; x_wconf 88' lang='lat' dir='ltr'>indifferenter</span> <span class='ocrx_word' id='word_1_130' title='bbox 1090 2229 1267 2294; x_wconf 89' lang='lat' dir='ltr'>hominum</span> <span class='ocrx_word' id='word_1_131' title='bbox 1291 2248 1366 2292; x_wconf 90' lang='lat' dir='ltr'>cor-</span> 
     </span>
     <span class='ocr_line' id='line_1_21' title="bbox 411 2328 1368 2414; baseline 0 -23"><span class='ocrx_word' id='word_1_132' title='bbox 411 2329 519 2392; x_wconf 84' lang='lat' dir='ltr'>dibus</span> <span class='ocrx_word' id='word_1_133' title='bbox 532 2330 700 2408; x_wconf 86' lang='lat' dir='ltr'>illabitur,</span> <span class='ocrx_word' id='word_1_134' title='bbox 713 2339 748 2395; x_wconf 89' lang='lat' dir='ltr'>et</span> <span class='ocrx_word' id='word_1_135' title='bbox 765 2349 836 2414; x_wconf 87' lang='lat' dir='ltr'>qua</span> <span class='ocrx_word' id='word_1_136' title='bbox 852 2332 1056 2395; x_wconf 87' lang='lat' dir='ltr'>creberrime</span> <span class='ocrx_word' id='word_1_137' title='bbox 1070 2331 1222 2413; x_wconf 84' lang='lat' dir='ltr'>pessimi,</span> <span class='ocrx_word' id='word_1_138' title='bbox 1237 2328 1368 2392; x_wconf 90' lang='lat' dir='ltr'>nullas-</span> 
     </span>
     <span class='ocr_line' id='line_1_22' title="bbox 417 2425 1368 2515; baseline -0.001 -24"><span class='ocrx_word' id='word_1_139' title='bbox 417 2448 485 2510; x_wconf 90' lang='lat' dir='ltr'>que</span> <span class='ocrx_word' id='word_1_140' title='bbox 502 2429 547 2492; x_wconf 92' lang='lat' dir='ltr'>ad</span> <span class='ocrx_word' id='word_1_141' title='bbox 561 2437 755 2494; x_wconf 85' lang='lat' dir='ltr'>extremum</span> <span class='ocrx_word' id='word_1_142' title='bbox 771 2431 861 2495; x_wconf 89' lang='lat' dir='ltr'>diem</span> <span class='ocrx_word' id='word_1_143' title='bbox 871 2437 1038 2515; x_wconf 90' lang='lat' dir='ltr'>ponentes</span> <span class='ocrx_word' id='word_1_144' title='bbox 1048 2437 1158 2494; x_wconf 89' lang='lat' dir='ltr'>metas</span> <span class='ocrx_word' id='word_1_145' title='bbox 1169 2425 1368 2505; x_wconf 67' lang='lat' dir='ltr'>sceleribus</span> 
     </span>
     <span class='ocr_line' id='line_1_23' title="bbox 416 2528 1367 2614; baseline -0.001 -23"><span class='ocrx_word' id='word_1_146' title='bbox 416 2528 546 2611; x_wconf 88' lang='lat' dir='ltr'>pollere</span> <span class='ocrx_word' id='word_1_147' title='bbox 580 2531 852 2612; x_wconf 86' lang='lat' dir='ltr'>conspiciuntur,</span> <span class='ocrx_word' id='word_1_148' title='bbox 875 2531 984 2614; x_wconf 77' lang='lat' dir='ltr'>¹juxta</span> <span class='ocrx_word' id='word_1_149' title='bbox 1013 2529 1101 2593; x_wconf 89' lang='lat' dir='ltr'>illud</span> <span class='ocrx_word' id='word_1_150' title='bbox 1134 2529 1367 2605; x_wconf 90' lang='lat' dir='ltr'>Dominicum,</span> 
     </span>
     <span class='ocr_line' id='line_1_24' title="bbox 417 2620 1368 2718; baseline 0 -27"><span class='ocrx_word' id='word_1_151' title='bbox 417 2620 537 2718; x_wconf 68' lang='lat' dir='ltr'>“Filii</span> <span class='ocrx_word' id='word_1_152' title='bbox 546 2627 651 2712; x_wconf 90' lang='lat' dir='ltr'>hujus</span> <span class='ocrx_word' id='word_1_153' title='bbox 661 2630 769 2694; x_wconf 90' lang='lat' dir='ltr'>seculi</span> <span class='ocrx_word' id='word_1_154' title='bbox 778 2630 1018 2713; x_wconf 85' lang='lat' dir='ltr'>prudentiores</span> <span class='ocrx_word' id='word_1_155' title='bbox 1027 2629 1107 2693; x_wconf 91' lang='lat' dir='ltr'>filiis</span> <span class='ocrx_word' id='word_1_156' title='bbox 1122 2629 1210 2692; x_wconf 90' lang='lat' dir='ltr'>lucis</span> <span class='ocrx_word' id='word_1_157' title='bbox 1218 2631 1255 2692; x_wconf 89' lang='lat' dir='ltr'>in</span> <span class='ocrx_word' id='word_1_158' title='bbox 1265 2647 1368 2710; x_wconf 88' lang='lat' dir='ltr'>gene-</span> 
     </span>
    </p>
   </div>
   <div class='ocr_carea' id='block_1_7' title="bbox 407 2719 1373 2812">
    <p class='ocr_par' dir='ltr' id='par_1_7' title="bbox 407 2719 1373 2812">
     <span class='ocr_line' id='line_1_25' title="bbox 407 2719 1373 2812; baseline 0.001 -21"><span class='ocrx_word' id='word_1_159' title='bbox 407 2729 550 2793; x_wconf 89' lang='lat' dir='ltr'>ratione</span> <span class='ocrx_word' id='word_1_160' title='bbox 569 2748 634 2793; x_wconf 87' lang='lat' dir='ltr'>sua</span> <span class='ocrx_word' id='word_1_161' title='bbox 648 2737 730 2794; x_wconf 90' lang='lat' dir='ltr'>sunt</span> <span class='ocrx_word' id='word_1_162' title='bbox 740 2731 767 2809; x_wconf 75' lang='grc' dir='ltr'>ς’</span> <span class='ocrx_word' id='word_1_163' title='bbox 790 2729 851 2794; x_wconf 90' lang='lat' dir='ltr'>sed</span> <span class='ocrx_word' id='word_1_164' title='bbox 865 2719 963 2793; x_wconf 51' lang='lat' dir='ltr'>illam¹</span> <span class='ocrx_word' id='word_1_165' title='bbox 975 2730 1181 2812; x_wconf 88' lang='lat' dir='ltr'>sapientiam</span> <span class='ocrx_word' id='word_1_166' title='bbox 1195 2723 1373 2792; x_wconf 54' lang='lat' dir='ltr'>⁵nominat&#39;</span> 
     </span>
    </p>
   </div>
   <div class='ocr_carea' id='block_1_8' title="bbox 417 2821 1369 2913">
    <p class='ocr_par' dir='ltr' id='par_1_8' title="bbox 417 2821 1369 2913">
     <span class='ocr_line' id='line_1_26' title="bbox 417 2821 1369 2913; baseline 0 -23"><span class='ocrx_word' id='word_1_167' title='bbox 417 2847 495 2909; x_wconf 91' lang='lat' dir='ltr'>quae</span> <span class='ocrx_word' id='word_1_168' title='bbox 511 2821 702 2910; x_wconf 88' lang='lat' dir='ltr'>disciplinae</span> <span class='ocrx_word' id='word_1_169' title='bbox 717 2829 838 2912; x_wconf 86' lang='lat' dir='ltr'>effugit</span> <span class='ocrx_word' id='word_1_170' title='bbox 852 2830 982 2907; x_wconf 90' lang='lat' dir='ltr'>fictum,</span> <span class='ocrx_word' id='word_1_171' title='bbox 999 2837 1035 2893; x_wconf 85' lang='lat' dir='ltr'>et</span> <span class='ocrx_word' id='word_1_172' title='bbox 1050 2841 1128 2912; x_wconf 87' lang='lat' dir='ltr'>qnae</span> <span class='ocrx_word' id='word_1_173' title='bbox 1142 2836 1283 2913; x_wconf 88' lang='lat' dir='ltr'>separat</span> <span class='ocrx_word' id='word_1_174' title='bbox 1294 2847 1331 2892; x_wconf 91' lang='lat' dir='ltr'>se</span> <span class='ocrx_word' id='word_1_175' title='bbox 1346 2846 1369 2890; x_wconf 91' lang='lat' dir='ltr'>a</span> 
     </span>
    </p>
   </div>
   <div class='ocr_carea' id='block_1_9' title="bbox 314 2923 1367 3010">
    <p class='ocr_par' dir='ltr' id='par_1_9' title="bbox 314 2923 1367 3010">
     <span class='ocr_line' id='line_1_27' title="bbox 314 2923 1367 3010; baseline -0.001 -20"><span class='ocrx_word' id='word_1_176' title='bbox 314 2997 317 3002; x_wconf 21' lang='lat'><strong><em>¹</em></strong></span> <span class='ocrx_word' id='word_1_177' title='bbox 417 2928 688 3008; x_wconf 83' lang='lat' dir='ltr'>cogitationibus</span> <span class='ocrx_word' id='word_1_178' title='bbox 705 2949 783 3010; x_wconf 84' lang='lat' dir='ltr'>quae</span> <span class='ocrx_word' id='word_1_179' title='bbox 799 2936 881 2992; x_wconf 88' lang='lat' dir='ltr'>sunt</span> <span class='ocrx_word' id='word_1_180' title='bbox 896 2923 970 2996; x_wconf 85' lang='lat' dir='ltr'>sine</span> <span class='ocrx_word' id='word_1_181' title='bbox 986 2930 1176 3006; x_wconf 89' lang='lat' dir='ltr'>intellectu,</span> <span class='ocrx_word' id='word_1_182' title='bbox 1189 2927 1367 2992; x_wconf 90' lang='lat' dir='ltr'>intellectu</span> 
     </span>
    </p>
   </div>
   <div class='ocr_carea' id='block_1_10' title="bbox 417 3025 1369 3410">
    <p class='ocr_par' dir='ltr' id='par_1_10' title="bbox 417 3025 1369 3410">
     <span class='ocr_line' id='line_1_28' title="bbox 417 3025 1367 3110; baseline 0.001 -23"><span class='ocrx_word' id='word_1_183' title='bbox 417 3025 495 3088; x_wconf 90' lang='lat' dir='ltr'>dico</span> <span class='ocrx_word' id='word_1_184' title='bbox 511 3028 598 3089; x_wconf 88' lang='lat' dir='ltr'>bane</span> <span class='ocrx_word' id='word_1_185' title='bbox 614 3026 754 3091; x_wconf 85' lang='lat' dir='ltr'>vivendi</span> <span class='ocrx_word' id='word_1_186' title='bbox 769 3036 804 3091; x_wconf 88' lang='lat' dir='ltr'>et</span> <span class='ocrx_word' id='word_1_187' title='bbox 817 3029 905 3092; x_wconf 89' lang='lat' dir='ltr'>bene</span> <span class='ocrx_word' id='word_1_188' title='bbox 920 3029 1075 3093; x_wconf 84' lang='lat' dir='ltr'>dicendi:</span> <span class='ocrx_word' id='word_1_189' title='bbox 1100 3029 1191 3091; x_wconf 89' lang='lat' dir='ltr'>unde</span> <span class='ocrx_word' id='word_1_190' title='bbox 1209 3027 1367 3110; x_wconf 89' lang='lat' dir='ltr'>pulcher-</span> 
     </span>
     <span class='ocr_line' id='line_1_29' title="bbox 417 3121 1369 3214; baseline 0.003 -28"><span class='ocrx_word' id='word_1_191' title='bbox 417 3125 502 3187; x_wconf 89' lang='lat' dir='ltr'>rima</span> <span class='ocrx_word' id='word_1_192' title='bbox 526 3125 669 3203; x_wconf 87' lang='lat' dir='ltr'>Seneca,</span> <span class='ocrx_word' id='word_1_193' title='bbox 694 3125 731 3191; x_wconf 92' lang='lat' dir='ltr'>in</span> <span class='ocrx_word' id='word_1_194' title='bbox 754 3126 844 3191; x_wconf 91' lang='lat' dir='ltr'>libro</span> <span class='ocrx_word' id='word_1_195' title='bbox 860 3121 935 3198; x_wconf 86' lang='lat' dir='ltr'>⁶De</span> <span class='ocrx_word' id='word_1_196' title='bbox 962 3128 1100 3206; x_wconf 87' lang='lat' dir='ltr'>Causis,</span> <span class='ocrx_word' id='word_1_197' title='bbox 1124 3133 1369 3214; x_wconf 82' lang='lat' dir='ltr'>commemorat</span> 
     </span>
     <span class='ocr_line' id='line_1_30' title="bbox 419 3223 1368 3304; baseline 0.002 -17"><span class='ocrx_word' id='word_1_198' title='bbox 419 3223 599 3302; x_wconf 84' lang='lat' dir='ltr'>Catonem,</span> <span class='ocrx_word' id='word_1_199' title='bbox 623 3227 771 3291; x_wconf 88' lang='lat' dir='ltr'>oratoris</span> <span class='ocrx_word' id='word_1_200' title='bbox 792 3225 942 3291; x_wconf 91' lang='lat' dir='ltr'>officium</span> <span class='ocrx_word' id='word_1_201' title='bbox 970 3228 1201 3304; x_wconf 89' lang='lat' dir='ltr'>definientem,</span> <span class='ocrx_word' id='word_1_202' title='bbox 1225 3227 1368 3302; x_wconf 88' lang='lat' dir='ltr'>dixisse,</span> 
     </span>
     <span class='ocr_line' id='line_1_31' title="bbox 417 3322 1367 3410; baseline 0.002 -24"><span class='ocrx_word' id='word_1_203' title='bbox 417 3330 427 3357; x_wconf 89' lang='lat'>‘</span> <span class='ocrx_word' id='word_1_204' title='bbox 445 3322 572 3388; x_wconf 89' lang='lat' dir='ltr'>Orator</span> <span class='ocrx_word' id='word_1_205' title='bbox 597 3333 651 3389; x_wconf 88' lang='lat' dir='ltr'>est</span> <span class='ocrx_word' id='word_1_206' title='bbox 670 3327 724 3390; x_wconf 88' lang='lat' dir='ltr'>vir</span> <span class='ocrx_word' id='word_1_207' title='bbox 737 3327 861 3404; x_wconf 67' lang='lat' dir='ltr'>bonus</span> <span class='ocrx_word' id='word_1_208' title='bbox 875 3327 1012 3392; x_wconf 90' lang='lat' dir='ltr'>dicendi</span> <span class='ocrx_word' id='word_1_209' title='bbox 1027 3327 1184 3410; x_wconf 64' lang='lat' dir='ltr'>peritus?</span> <span class='ocrx_word' id='word_1_210' title='bbox 1236 3326 1367 3390; x_wconf 91' lang='lat' dir='ltr'>Emun-</span> 
     </span>
    </p>
   </div>
   <div class='ocr_carea' id='block_1_11' title="bbox 409 3423 1368 3510">
    <p class='ocr_par' dir='ltr' id='par_1_11' title="bbox 409 3423 1368 3510">
     <span class='ocr_line' id='line_1_32' title="bbox 409 3423 1368 3510; baseline 0.002 -24"><span class='ocrx_word' id='word_1_211' title='bbox 409 3423 523 3488; x_wconf 47' lang='lat' dir='ltr'>*dabat</span> <span class='ocrx_word' id='word_1_212' title='bbox 547 3445 630 3506; x_wconf 90' lang='lat' dir='ltr'>ergo</span> <span class='ocrx_word' id='word_1_213' title='bbox 656 3426 912 3502; x_wconf 88' lang='lat' dir='ltr'>ecclesiasticus</span> <span class='ocrx_word' id='word_1_214' title='bbox 932 3434 1051 3491; x_wconf 87' lang='lat' dir='ltr'>orator</span> <span class='ocrx_word' id='word_1_215' title='bbox 1071 3429 1168 3510; x_wconf 89' lang='lat' dir='ltr'>prius</span> <span class='ocrx_word' id='word_1_216' title='bbox 1192 3427 1368 3490; x_wconf 89' lang='lat' dir='ltr'>conscien-</span> 
     </span>
    </p>
   </div>
   <div class='ocr_carea' id='block_1_12' title="bbox 415 3517 1369 3708">
    <p class='ocr_par' dir='ltr' id='par_1_12' title="bbox 415 3517 1369 3708">
     <span class='ocr_line' id='line_1_33' title="bbox 416 3517 1368 3609; baseline 0.002 -23"><span class='ocrx_word' id='word_1_217' title='bbox 416 3524 559 3601; x_wconf 87' lang='lat' dir='ltr'>tiam‚ut</span> <span class='ocrx_word' id='word_1_218' title='bbox 567 3526 618 3589; x_wconf 91' lang='lat' dir='ltr'>sic</span> <span class='ocrx_word' id='word_1_219' title='bbox 629 3525 807 3589; x_wconf 88' lang='lat' dir='ltr'>accederet</span> <span class='ocrx_word' id='word_1_220' title='bbox 819 3526 862 3589; x_wconf 91' lang='lat' dir='ltr'>ad</span> <span class='ocrx_word' id='word_1_221' title='bbox 875 3517 1131 3590; x_wconf 74' lang='lat' dir='ltr'>⁷recludendam</span> <span class='ocrx_word' id='word_1_222' title='bbox 1143 3526 1368 3609; x_wconf 74' lang='lat' dir='ltr'>mysticorum</span> 
     </span>
     <span class='ocr_line' id='line_1_34' title="bbox 415 3624 1369 3708; baseline 0.004 -23"><span class='ocrx_word' id='word_1_223' title='bbox 415 3624 621 3706; x_wconf 87' lang='lat' dir='ltr'>scriptorum</span> <span class='ocrx_word' id='word_1_224' title='bbox 634 3625 912 3707; x_wconf 89' lang='lat' dir='ltr'>intelligentiam.</span> <span class='ocrx_word' id='word_1_225' title='bbox 966 3625 1037 3704; x_wconf 86' lang='lat' dir='ltr'>Qui</span> <span class='ocrx_word' id='word_1_226' title='bbox 1054 3627 1145 3690; x_wconf 89' lang='lat' dir='ltr'>enim</span> <span class='ocrx_word' id='word_1_227' title='bbox 1163 3626 1236 3690; x_wconf 87' lang='lat' dir='ltr'>ficri</span> <span class='ocrx_word' id='word_1_228' title='bbox 1252 3632 1369 3708; x_wconf 88' lang='lat' dir='ltr'>potest</span> 
     </span>
    </p>
   </div>
   <div class='ocr_carea' id='block_1_13' title="bbox 449 3835 1371 3982">
    <p class='ocr_par' dir='ltr' id='par_1_13' title="bbox 449 3835 1371 3982">
     <span class='ocr_line' id='line_1_35' title="bbox 450 3835 1371 3914; baseline 0.001 -17"><span class='ocrx_word' id='word_1_229' title='bbox 450 3845 551 3912; x_wconf 65' lang='lat' dir='ltr'>wau]</span> <span class='ocrx_word' id='word_1_230' title='bbox 567 3835 601 3899; x_wconf 71' lang='lat' dir='ltr'>l.</span> <span class='ocrx_word' id='word_1_231' title='bbox 613 3849 648 3899; x_wconf 84' lang='lat' dir='ltr'>n.</span> <span class='ocrx_word' id='word_1_232' title='bbox 661 3850 694 3900; x_wconf 82' lang='lat' dir='ltr'>n.</span> <span class='ocrx_word' id='word_1_233' title='bbox 705 3850 752 3909; x_wconf 78' lang='lat' dir='ltr'>u.;</span> <span class='ocrx_word' id='word_1_234' title='bbox 769 3853 830 3912; x_wconf 79' lang='lat' dir='ltr'>am,</span> <span class='ocrx_word' id='word_1_235' title='bbox 843 3851 872 3900; x_wconf 86' lang='lat' dir='ltr'>e.</span> <span class='ocrx_word' id='word_1_236' title='bbox 940 3848 1100 3914; x_wconf 63' lang='lat' dir='ltr'>wamma]</span> <span class='ocrx_word' id='word_1_237' title='bbox 1119 3850 1147 3900; x_wconf 84' lang='lat' dir='ltr'>s.</span> <span class='ocrx_word' id='word_1_238' title='bbox 1161 3851 1191 3900; x_wconf 88' lang='lat' dir='ltr'>c.</span> <span class='ocrx_word' id='word_1_239' title='bbox 1203 3850 1238 3900; x_wconf 88' lang='lat' dir='ltr'>n.</span> <span class='ocrx_word' id='word_1_240' title='bbox 1251 3850 1302 3909; x_wconf 54' lang='grc' dir='ltr'>ιω</span> <span class='ocrx_word' id='word_1_241' title='bbox 1327 3865 1371 3899; x_wconf 87' lang='lat' dir='ltr'>no·</span> 
     </span>
     <span class='ocr_line' id='line_1_36' title="bbox 449 3916 1059 3982; baseline 0.003 -14"><span class='ocrx_word' id='word_1_242' title='bbox 449 3916 566 3982; x_wconf 65' lang='lat' dir='ltr'>wiva]</span> <span class='ocrx_word' id='word_1_243' title='bbox 591 3917 625 3970; x_wconf 73' lang='lat' dir='ltr'>A.</span> <span class='ocrx_word' id='word_1_244' title='bbox 638 3918 666 3968; x_wconf 81' lang='lat' dir='ltr'>S.</span> <span class='ocrx_word' id='word_1_245' title='bbox 681 3920 710 3969; x_wconf 86' lang='lat' dir='ltr'>C.</span> <span class='ocrx_word' id='word_1_246' title='bbox 723 3920 755 3970; x_wconf 85' lang='lat' dir='ltr'>E.</span> <span class='ocrx_word' id='word_1_247' title='bbox 767 3920 818 3980; x_wconf 75' lang='lat' dir='ltr'>L.;</span> <span class='ocrx_word' id='word_1_248' title='bbox 841 3920 880 3968; x_wconf 91' lang='lat' dir='ltr'>di·</span> <span class='ocrx_word' id='word_1_249' title='bbox 903 3921 1017 3982; x_wconf 86' lang='lat' dir='ltr'>minavit,</span> <span class='ocrx_word' id='word_1_250' title='bbox 1028 3921 1059 3970; x_wconf 85' lang='lat' dir='ltr'>L.</span> 
     </span>
    </p>
   </div>
   <div class='ocr_carea' id='block_1_14' title="bbox 413 3989 1368 4122">
    <p class='ocr_par' dir='ltr' id='par_1_14' title="bbox 413 3989 1368 4122">
     <span class='ocr_line' id='line_1_37' title="bbox 413 3989 1368 4122; baseline -0.016 -31"><span class='ocrx_word' id='word_1_251' title='bbox 413 3989 654 4108; x_wconf 48' lang='lat' dir='ltr'>maminpffiffim</span> <span class='ocrx_word' id='word_1_252' title='bbox 669 4095 676 4109; x_wconf 43' lang='grc'><strong>.</strong></span> <span class='ocrx_word' id='word_1_253' title='bbox 691 4094 697 4108; x_wconf 43' lang='grc'>,</span> <span class='ocrx_word' id='word_1_254' title='bbox 710 4094 716 4108; x_wconf 40' lang='grc' dir='ltr'>ι</span> <span class='ocrx_word' id='word_1_255' title='bbox 731 4094 737 4108; x_wconf 40' lang='grc'><strong>.</strong></span> <span class='ocrx_word' id='word_1_256' title='bbox 752 4059 879 4122; x_wconf 53' lang='lat' dir='ltr'>peccam]</span> <span class='ocrx_word' id='word_1_257' title='bbox 941 4029 999 4079; x_wconf 70' lang='lat' dir='ltr'>“De</span> <span class='ocrx_word' id='word_1_258' title='bbox 1013 4029 1123 4092; x_wconf 71' lang='lat' dir='ltr'>Gamla]</span> <span class='ocrx_word' id='word_1_259' title='bbox 1139 4030 1245 4090; x_wconf 86' lang='lat' dir='ltr'>Seneca,</span> <span class='ocrx_word' id='word_1_260' title='bbox 1264 4029 1368 4078; x_wconf 88' lang='lat' dir='ltr'>Contro-</span> 
     </span>
    </p>
   </div>
   <div class='ocr_carea' id='block_1_15' title="bbox 349 4102 1056 4179">
    <p class='ocr_par' dir='ltr' id='par_1_15' title="bbox 349 4102 1056 4179">
     <span class='ocr_line' id='line_1_38' title="bbox 349 4102 1056 4179; baseline -0.034 4"><span class='ocrx_word' id='word_1_261' title='bbox 349 4115 354 4123; x_wconf 82' lang='grc'><em>’</em></span> <span class='ocrx_word' id='word_1_262' title='bbox 416 4130 489 4179; x_wconf 69' lang='lat' dir='ltr'>Book</span> <span class='ocrx_word' id='word_1_263' title='bbox 500 4129 651 4177; x_wconf 80' lang='lat' dir='ltr'>orwisdom</span> <span class='ocrx_word' id='word_1_264' title='bbox 664 4142 682 4178; x_wconf 88' lang='lat'>1.</span> <span class='ocrx_word' id='word_1_265' title='bbox 694 4133 718 4178; x_wconf 75' lang='grc'>4.</span> <span class='ocrx_word' id='word_1_266' title='bbox 905 4116 969 4152; x_wconf 71' lang='lat' dir='ltr'>rers·</span> <span class='ocrx_word' id='word_1_267' title='bbox 981 4102 1026 4150; x_wconf 86' lang='lat' dir='ltr'>lib·</span> <span class='ocrx_word' id='word_1_268' title='bbox 1039 4115 1056 4150; x_wconf 81' lang='lat'>1·</span> 
     </span>
    </p>
   </div>
   <div class='ocr_carea' id='block_1_16' title="bbox 415 4191 1368 4330">
    <p class='ocr_par' dir='ltr' id='par_1_16' title="bbox 415 4191 1368 4330">
     <span class='ocr_line' id='line_1_39' title="bbox 450 4191 1368 4258; baseline -0.007 -11"><span class='ocrx_word' id='word_1_269' title='bbox 450 4196 615 4258; x_wconf 58' lang='lat' dir='ltr'>wittisclus</span> <span class='ocrx_word' id='word_1_270' title='bbox 625 4199 699 4246; x_wconf 78' lang='lat' dir='ltr'>occuli</span> <span class='ocrx_word' id='word_1_271' title='bbox 717 4234 723 4248; x_wconf 92' lang='lat'>.</span> <span class='ocrx_word' id='word_1_272' title='bbox 738 4235 744 4248; x_wconf 92' lang='lat'><em>.</em></span> <span class='ocrx_word' id='word_1_273' title='bbox 758 4212 878 4258; x_wconf 57' lang='lat' dir='ltr'>generu-</span> <span class='ocrx_word' id='word_1_274' title='bbox 939 4191 1160 4256; x_wconf 76' lang='lat' dir='ltr'>⁷Recludcndum.]</span> <span class='ocrx_word' id='word_1_275' title='bbox 1186 4193 1218 4242; x_wconf 79' lang='lat' dir='ltr'>A.</span> <span class='ocrx_word' id='word_1_276' title='bbox 1232 4192 1368 4252; x_wconf 76' lang='lat' dir='ltr'>s.E.L.;</span> 
     </span>
     <span class='ocr_line' id='line_1_40' title="bbox 415 4263 1192 4330; baseline -0.004 -15"><span class='ocrx_word' id='word_1_277' title='bbox 415 4268 479 4316; x_wconf 79' lang='lat' dir='ltr'>tione</span> <span class='ocrx_word' id='word_1_278' title='bbox 489 4283 533 4316; x_wconf 82' lang='lat' dir='ltr'>suu</span> <span class='ocrx_word' id='word_1_279' title='bbox 544 4268 622 4330; x_wconf 71' lang='lat' dir='ltr'>aunt]</span> <span class='ocrx_word' id='word_1_280' title='bbox 640 4269 713 4317; x_wconf 85' lang='lat' dir='ltr'>Luke</span> <span class='ocrx_word' id='word_1_281' title='bbox 726 4281 780 4317; x_wconf 84' lang='lat' dir='ltr'>xvr.</span> <span class='ocrx_word' id='word_1_282' title='bbox 792 4273 815 4317; x_wconf 83' lang='grc'>8.</span> <span class='ocrx_word' id='word_1_283' title='bbox 904 4264 1095 4326; x_wconf 87' lang='lat' dir='ltr'>enucleandam,</span> <span class='ocrx_word' id='word_1_284' title='bbox 1106 4263 1140 4312; x_wconf 88' lang='lat' dir='ltr'>D.</span> <span class='ocrx_word' id='word_1_285' title='bbox 1154 4263 1192 4312; x_wconf 84' lang='lat' dir='ltr'>M.</span> 
     </span>
    </p>
   </div>
   <div class='ocr_carea' id='block_1_17' title="bbox 0 0 1615 5060">
    <p class='ocr_par' dir='ltr' id='par_1_17' title="bbox 0 0 1615 5060">
     <span class='ocr_line' id='line_1_41' title="bbox 0 0 1615 5060; baseline 0 0"><span class='ocrx_word' id='word_1_286' title='bbox 0 0 1615 5060; x_wconf 95' lang='lat' dir='ltr'> </span> 
     </span>
    </p>
   </div>
  </div>
 </body>
</html>
