3180 5048
228 494 297 540 ms.
315 476 372 557 u]
427 467 562 540 'cnsrr
585 492 712 540 arcun
737 494 951 543 ANGLORUM.
1115 481 1180 546 251

283 651 392 735 5155.
417 649 538 734 Hujus
563 651 718 715 vaticinii
734 652 916 716 veritatem
938 651 1042 714 lectio
1064 660 1181 734 poste-
1194 676 1292 726 naam

230 752 302 815 rior
326 750 525 833 patefaciet.
574 749 795 814 Considerari
812 770 895 832 ergo
911 751 1013 815 debet
1027 754 1182 833 parentis
1193 727 1321 818 iidiq'ffl*

232 856 268 914 et
290 850 398 933 prolis
414 849 611 914 indubitata
634 851 814 926 sanctitas,
832 850 926 933 quod
952 851 1183 917 alter-viderit

234 950 384 1030 aenigma
397 949 549 1030 vigilans
569 949 644 1013 sine
668 949 862 1026 obstaculo,
880 955 916 1012 et
938 949 1049 1013 altera
1068 951 1181 1015 solve-

232 1048 279 1112 rit
304 1049 481 1131 problema
503 1048 546 1110 de
568 1048 671 1130 longe
690 1056 850 1131 porrecto
871 1048 1063 1131 prophetiae
1087 1044 1182 1114 ¹ocu·

234 1148 289 1229 lo;
306 1148 556 1228 sanctitatique
573 1167 707 1211 morum
722 1148 998 1212 communicabat
1015 1151 1181 1215 severita-

234 1247 280 1311 tis
308 1247 511 1310 animositas
534 1240 592 1310 ²ut
616 1247 751 1310 nullum
772 1248 1008 1330 cujuscunque
1030 1247 1182 1330 dignita·

235 1348 281 1411 tis
307 1346 479 1411 hominem
505 1345 599 1428 leges
626 1347 765 1410 eludere
793 1347 933 1428 impune
955 1349 1181 1429 permitteret.

236 1445 350 1510 Nemo
367 1444 444 1529 ejus
467 1453 621 1528 ternpore
644 1445 802 1528 privatus
826 1446 930 1523 latro,
956 1466 1056 1510 nemo
1071 1467 1182 1530 popu·

232 1545 316 1609 laris
332 1545 464 1628 praedo,
487 1545 555 1609 nisi
578 1543 639 1627 qui
663 1545 782 1608 mallet
806 1547 843 1608 in
867 1544 1025 1609 fortunas
1050 1547 1183 1610 alienas

234 1645 386 1727 grassari
423 1645 577 1727 propriae
616 1645 698 1708 vitae
739 1644 930 1725 dispendio.
1000 1643 1183 1723 Quomodo

235 1745 328 1808 enim
352 1763 458 1808 ausus
475 1737 668 1807 ³hominum
691 1744 895 1825 praeteriret,
913 1743 973 1826 qui
990 1745 1094 1808 etiam
1109 1765 1183 1809 orn-

237 1844 290 1906 nis
309 1844 444 1925 generis
468 1843 560 1922 seras
583 1842 762 1925 sanguinis
783 1843 903 1907 avidas
926 1863 971 1907 ex
989 1863 1098 1925 regno
1123 1865 1184 1908 ex·

236 1943 421 2006 terminare
437 1943 619 2024 cogitaret,
633 1943 657 2006 J
660 1942 856 2024 udvaloque
878 1943 952 2024 regi
969 1943 1186 2008 Walensium

235 2043 386 2106 edictum
410 2041 614 2124 imposuerit
638 2049 678 2107 ut
708 2042 774 2106 sibi
805 2043 992 2123 quotannis
1020 2044 1186 2108 tributum

236 2149 467 2206 trecentorum
480 2142 640 2223 luporum
651 2143 860 2224 pensitaret3
876 2142 968 2223 qnod
984 2161 1063 2206 curn
1077 2144 1188 2207 tribus

236 2242 337 2305 annis
359 2241 510 2318 lecisset,
532 2248 656 2323 quarto
678 2242 823 2318 destitit,
843 2242 977 2305 nullum
991 2261 1029 2305 se
1043 2243 1188 2307 ulterius

236 2359 338 2423 posse
352 2341 507 2405 invenire
521 2340 709 2421 professus.

290 2439 396 2524 5156.
421 2439 599 2504 Praeterea
619 2439 714 2517 licet,
737 2447 777 2502 ut
800 2439 920 2515 fertur,
945 2446 1088 2504 staturae
1113 2439 1187 2503 sue·

238 2539 285 2603 rit
311 2546 346 2602 et
373 2539 598 2621 corpulentiae
621 2539 796 2620 perexiliS,
819 2545 936 2601 tantas
959 2539 1049 2603 vires
1070 2541 1107 2603 in
1128 2539 1189 2602 illo

170 2623 179 2633 ’
236 2638 441 2720 corpusculo
467 2638 624 2719 dignatio
649 2646 783 2701 naturae
810 2637 1010 2714 incluserat,
1036 2645 1075 2702 ut
1096 2637 1189 2702 ultro

237 2738 281 2801 ad
304 2737 594 2819 congrediendum
614 2737 801 2801 lacesceret
822 2756 1060 2818 quemcunque
1082 2736 1190 2802 auda·

238 2856 312 2902 cem
329 2843 469 2915 nosset;
491 2835 557 2900 hoc
580 2836 731 2900 maxime
755 2837 892 2912 timens,
916 2855 959 2898 ne
982 2836 1019 2898 in
1042 2836 1105 2899 tali
1118 2836 1189 2900 col-

239 2935 333 3000 ludio
359 2937 549 3001 timeretur.
601 2935 762 3019 Denique
784 2937 821 2998 in
845 2935 994 3017 quodam
1018 2936 1189 3012 convivio,

242 3161 297 3209 02.
308 3175 315 3209 ι
327 3159 413 3208 ‘Idem
424 3173 470 3206 rex
478 3158 606 3220 edgarus,
616 3150 707 3206 silvani
731 3157 794 3206 totis
813 3157 931 3206 homiaem
952 3159 1018 3220 leges
1035 3159 1130 3208 eludere
1146 3159 1192 3208 im·

243 3230 371 3290 quandam
397 3229 528 3290 ingressus
556 3229 639 3290 gratia
664 3243 708 3277 ve·
728 3227 978 3290 praeparauerat]
991 3228 1191 3290 Endgar'slaws

242 3299 330 3361 nandi,
340 3297 403 3346 forte
415 3312 502 3346 vocem
512 3298 638 3359 vagientis
649 3312 708 3358 par·
731 3295 769 3344 lor
786 3295 828 3345 the
846 3297 1008 3357 punishment
1024 3298 1053 3346 ol
1068 3299 1192 3348 offenders

243 3369 298 3416 ruli
331 3366 515 3428 depraehendit.
568 3367 622 3418 Qui
649 3366 708 3414 dili·
731 3379 800 3413 were
811 3364 922 3425 horribly
931 3379 1027 3415 severe.
1061 3367 1115 3414 The
1132 3383 1192 3428 eyes

246 3441 334 3499 genter
342 3451 395 3485 rem
405 3437 467 3486 feeit
479 3437 584 3496 inquiri.
619 3436 654 3484 Et
664 3435 708 3484 de·
731 3448 800 3483 were
816 3438 864 3494 put
882 3438 937 3496 out,
951 3436 1053 3483 nostrils
1069 3436 1122 3497 slit,
1135 3451 1192 3485 ears

134 3527 139 3531 ·
245 3521 313 3554 mum
341 3506 367 3554 in
395 3505 539 3554 summitate
573 3505 707 3568 cujusdam
731 3508 787 3552 torn
803 3504 846 3562 off,
864 3503 945 3552 hands
964 3505 1014 3552 and
1033 3504 1193 3568 leetcutoff,

245 3575 352 3638 arboris,
366 3575 393 3623 in
404 3576 464 3623 nido
475 3576 579 3636 aquilae,
590 3576 707 3623 inventus
732 3573 783 3621 and
802 3573 899 3635 finally,
910 3572 975 3622 aster
991 3574 1034 3622 the
1053 3577 1124 3635 scalp
1141 3574 1192 3623 had

245 3650 285 3695 est
294 3645 418 3707 puerulus
429 3644 516 3693 formae
525 3645 708 3707 elegantiqge-
732 3644 796 3692 been
823 3646 878 3691 tom
912 3643 955 3706 off,
990 3643 1033 3692 the
1059 3645 1193 3694 miserable

243 3716 319 3766 minis
336 3714 603 3764 armillisinbrachiis
614 3719 639 3762 et
650 3714 708 3762 eliis
733 3712 857 3762 wretches
876 3727 944 3760 were
966 3712 1013 3762 left
1033 3715 1146 3776 exposed
1167 3719 1193 3764 to

244 3783 709 3846 omamentisregiisinsignitus,quasi
733 3783 803 3831 birds
815 3797 843 3830 or
852 3783 938 3830 beasts
945 3783 974 3830 ol
981 3798 1052 3846 prey.
1088 3784 1195 3834 V.Actn

241 3854 270 3902 in
289 3855 390 3917 signum
407 3867 512 3902 summae
528 3853 709 3916 ingenuitatis3
733 3852 779 3902 SS.
801 3851 857 3902 Jnl.
876 3856 901 3914 2,
924 3853 950 3900 in
968 3853 1030 3902 Vita
1051 3854 1194 3914 Swythuni.

245 3938 321 3984 quem
337 3938 382 3972 rex
393 3922 531 3986 diligenter
540 3923 673 3984 nutritum,
684 3927 710 3971 et
735 3919 854 3988 (Suu-pe,
865 3919 936 3986 188.)
956 3922 1003 3971 See
1014 3937 1081 3972 some
1092 3923 1195 3972 ofEad·

245 4007 343 4042 summo
359 3993 444 4042 studio
456 3992 594 4056 eruditum,
607 3993 709 4041 tandem
735 3991 802 4053 gar's
819 3991 908 4054 Laws,
922 3991 1019 4040 Decem
1035 3992 1127 4053 script.
1144 3993 1195 4043 vol.

245 4063 362 4123 provexit
372 4062 399 4109 in
410 4061 545 4111 comitem!
736 4073 754 4110 1.
766 4059 814 4108 col.
826 4063 884 4108 871.

281 4130 288 4160 ¹
309 4129 406 4190 Oculo]
435 4131 465 4181 0.
484 4131 519 4180 D.
537 4132 571 4180 E.
589 4130 640 4191 L.;
655 4144 708 4178 ora·

158 4183 160 4187 ’
247 4201 403 4262 curans
769 4194 1037 4260 mantumque.
1051 4199 1196 4251 cunr.

280 4270 291 4299 ⁹
306 4272 341 4319 Ut
352 4271 446 4320 nullum
456 4269 616 4333 enormesque
626 4269 710 4331 digai·
736 4268 766 4317 1..
777 4283 784 4328 ;
801 4267 905 4316 omitted
916 4269 943 4317 in
954 4268 986 4318 E.
