3170 5054
406 487 451 552 12*
631 504 745 555 casm
770 504 897 551 nacon
922 503 1134 552 suenorum.
1231 489 1316 572 [nra.
1333 503 1355 550 r.

241 741 305 780 ...a
324 743 357 782 f„
443 659 503 744 5⁷·
520 659 670 725 'Inteffia
684 661 892 742 Hfflglsstus‚
907 681 977 725 non
995 660 1109 723 minus
1124 679 1205 724 acer
1216 657 1356 740 ingenio

240 799 300 830 a...
313 793 384 833 orer.
405 778 509 841 quam
525 760 640 824 alacer
662 761 699 824 in
721 761 853 844 praelio,
872 761 1006 843 aliquos
1031 781 1076 844 ex
1096 760 1170 823 suis
1185 758 1271 846 (non
1294 760 1356 822 ab·

405 866 533 923 nuente
547 857 647 945 rege)
662 862 810 944 patriam
833 861 989 938 remittit,
1004 860 1065 942 qui
1079 859 1170 940 regis
1186 867 1222 923 et
1236 858 1356 941 populi

241 846 391 892 counnymen.

404 958 581 1036 inertiam,
610 960 733 1025 insulae
771 961 984 1043 opulentiam
1013 966 1203 1041 exponant,
1239 959 1357 1041 ampla

241 1085 307 1125 rna:
314 1086 392 1126 men
403 1059 521 1123 venire
536 1059 730 1124 volentibus
749 1061 893 1142 praemia
914 1065 1121 1143 proponant.
1173 1058 1232 1122 Illi
1256 1077 1355 1122 man-

241 1137 353 1235 libell?
361 1187 386 1226 or
403 1152 670 1240 data¹gnaviter
678 1168 909 1242 exequuntur,
917 1159 1082 1240 brevique
1091 1177 1168 1221 cum
1180 1157 1355 1222 sexdecim

241 1237 345 1286 Hm
403 1257 550 1322 navibus
565 1266 797 1336 revertuntur,
819 1259 1027 1323 adducentes
1038 1251 1161 1321 ²fiham
1176 1257 1355 1339 Hengisti,

403 1357 583 1438 virginem,
603 1366 642 1423 ut
664 1360 871 1441 accepimuS,
885 1378 963 1440 quae
979 1365 1072 1423 esset
1087 1365 1123 1421 et
1137 1364 1270 1422 naturae
1289 1357 1354 1419 mi·

404 1457 558 1524 raculum
567 1466 602 1522 et
610 1458 761 1522 virorum
777 1458 1024 1540 spectaculum.
1058 1457 1242 1538 Regressis
1252 1456 1359 1520 ador-s

403 1564 506 1620 natur
529 1557 747 1622 convivium:
765 1557 868 1642 jubet
893 1557 1088 1639 Hengistus
1118 1556 1224 1620 filiam
1254 1555 1354 1638 fungi
1450 1559 1454 1563 ’

403 1655 576 1737 pincernae
601 1677 753 1734 munere,
783 1667 823 1722 ut
853 1659 944 1739 regis
972 1657 1206 1721 accumbentis
1234 1657 1354 1720 oculos

403 1763 572 1837 pasceret.
625 1756 701 1834 Nee
731 1757 766 1821 id
794 1757 925 1821 frustra
953 1756 1030 1821 fuit.
1083 1755 1174 1819 Nam
1204 1754 1263 1819 ille
1296 1754 1354 1842 (ut

404 1872 538 1936 semper
551 1855 588 1919 in
603 1855 821 1920 foeminarum
846 1856 1003 1920 decorem
1025 1850 1265 1938 adhinniebat)
1280 1862 1354 1919 sta·

403 1953 466 2018 tim
490 1961 526 2019 et
548 1954 667 2020 formae
690 1957 804 2036 gratia
825 1963 862 2019 et
884 1963 1043 2037 gestuum
1068 1954 1243 2037 elegantia
1270 1953 1375 2017 sau-²

404 2051 516 2116 eiatus
537 2055 701 2132 animum,
715 2055 870 2137 potiendi
884 2055 999 2137 puella
1010 2074 1107 2136 spem
1129 2055 1274 2131 imbibit,
1290 2073 1353 2117 nec

404 2151 539 2216 distulit
571 2155 655 2236 quin
686 2155 826 2237 nuptias
855 2163 987 2236 peteret
1017 2161 1152 2236 patrem
1179 2154 1352 2218 volentem

404 2271 549 2333 cogens:
587 2254 662 2336 ipse
687 2255 778 2318 enim
801 2263 881 2318 astu
907 2255 1017 2337 primo
1041 2273 1167 2334 negare
1190 2260 1262 2317 tam
1287 2252 1352 2316 hu·

243 2376 289 2415 ner
306 2376 380 2436 aare·
393 2351 502 2434 miles
516 2354 655 2435 nuptias
671 2373 753 2436 rege
768 2355 930 2435 indignas
941 2354 1105 2435 allegans.
1158 2352 1353 2429 Postremo,

243 2428 389 2526 balth...
404 2452 505 2532 quasi
518 2461 697 2534 gravatus,
711 2454 747 2516 in
759 2454 966 2518 sententiam
980 2451 1130 2528 transiit,
1139 2459 1249 2516 totam
1259 2450 1353 2515 Can·

405 2551 489 2617 tiam
504 2571 567 2633 pro
582 2572 722 2616 munere
744 2552 928 2636 accipiens,
945 2552 1004 2617 ubi
1011 2552 1215 2636 jamdudum
1240 2553 1352 2616 omnis

400 2649 541 2732 justitia
572 2653 637 2715 sub
658 2652 838 2736 cujusdam
866 2646 1030 2733 ³gorongi
1055 2652 1236 2715 laborabat
1262 2651 1352 2733 regi-

404 2750 508 2827 mine,
524 2751 584 2833 qui
597 2759 713 2816 tamen
727 2753 818 2816 sicut
829 2771 947 2816 omnes
962 2750 1072 2832 reguli
1081 2751 1205 2816 insulae
1219 2750 1353 2815 Worti-

405 2850 503 2930 gerni
516 2851 824 2916 substernebantur
836 2850 1064 2916 monarchiae:
1088 2870 1151 2914 nec
1170 2857 1368 2930 contentus

405 2947 471 3010 hac
494 2949 700 3014 liberalitate
722 2949 901 3028 barbarus,
924 2951 984 3015 sed
1007 2951 1154 3013 abutens
1174 2950 1267 3030 regis
1288 2950 1353 3012 im-

405 3047 600 3127 prudentia,
620 3049 806 3130 persuadet
826 3051 878 3114 uti
892 3068 914 3113 a
932 3048 1121 3113 Germania
1135 3043 1295 3113 *fratrem
1317 3053 1354 3114 et

406 3145 514 3209 filium
533 3148 671 3212 virtutis
694 3149 787 3214 viros
809 3156 942 3225 evocet,
962 3168 1066 3212 scena
1087 3148 1291 3231 composita,
1313 3154 1354 3213 ut

406 3246 488 3327 quia
508 3245 582 3328 ipse
599 3249 643 3311 ab
667 3249 800 3312 oriente
821 3248 1031 3332 provinciam
1051 3249 1287 3325 defensitaret,
1302 3247 1354 3310 illi

406 3364 544 3427 quoque
565 3347 609 3410 ab
625 3348 786 3430 aquilone
807 3348 946 3413 Scottos
968 3348 1175 3412 fraenarent:
1199 3348 1250 3411 ita
1272 3366 1353 3427 rege

405 3445 610 3510 connivente
637 3447 703 3529 ipsi
723 3445 1037 3533 (circumnavigata
1059 3443 1260 3531 Britannia)
1286 3444 1355 3510 Or·

441 3667 766 3734 'vaitererequuntur.]
784 3669 817 3718 Α.
831 3670 866 3719 D.
893 3668 1055 3731 Romwenna,
1071 3670 1118 3718 but
1135 3669 1161 3716 in
1180 3669 1222 3718 the
1241 3674 1295 3718 text
1312 3669 1354 3719 the

406 3739 440 3788 E.
452 3739 482 3788 L.
495 3739 551 3798 M.;
569 3741 683 3800 gnaviter
699 3740 809 3800 executi,
821 3739 866 3800 S.;
891 3739 997 3787 nemeis
1008 3738 1121 3787 omitted.

407 3806 556 3868 generaliter
567 3805 676 3869 executi,
689 3807 719 3856 0.
926 3804 1078 3871 moronga]
1087 3808 1149 3856 This
1156 3809 1227 3857 word
1235 3809 1282 3857 hus
1289 3810 1353 3858 been

440 3874 563 3927 ²Filinm
578 3876 721 3940 Heugisti]
747 3875 866 3938 Geoll‘rey
891 3876 1034 3938 frequently
1047 3878 1173 3926 mistuken
1185 3877 1251 3926 loru
1261 3893 1354 3939 proper

406 3947 435 3995 ot'
450 3947 599 3995 Moumouth
616 3947 639 3994 is
656 3947 699 3995 the
718 3947 771 3994 first
781 3947 868 3995 writer
890 3961 971 3996 name.
996 3947 1108 3996 Cnmden
1118 3947 1213 3996 defines
1224 3949 1271 3998 ita
1281 3948 1354 3998 Guo·

405 4016 464 4064 who
476 4017 546 4078 gives
557 4017 599 4065 the
607 4031 680 4066 name
691 4017 721 4065 oi
729 4017 866 4078 Hengest’s
889 4031 1003 4078 reug—a
1012 4017 1212 4078 viceroy,orlree
1221 4032 1287 4067 man.
1304 4019 1352 4067 See

404 4087 543 4147 daughter:
562 4086 594 4134 he
605 4087 668 4134 calls
685 4086 730 4136 her
745 4089 867 4150 Ronwen,
891 4085 980 4136 Gamd.
997 4087 1062 4134 Brit.
1079 4089 1126 4136 col.
1141 4091 1198 4150 187,
1215 4087 1277 4136 edit.
1289 4087 1353 4138 Gib·
1393 4113 1396 4118 ·

405 4167 421 4203 a
447 4169 520 4204 name
537 4156 572 4214 by
590 4171 622 4204 no
645 4171 731 4205 means
753 4171 866 4204 common
890 4169 944 4215 son,
960 4156 1041 4205 Lond.
1055 4160 1129 4206 1695.

403 4239 495 4286 among
506 4224 548 4271 the
559 4223 760 4286 Anglosaxons.
778 4226 808 4272 In
816 4225 866 4275 Ca·
925 4223 935 4251 ⁴
946 4226 1061 4274 Fratrem
1071 4219 1208 4292 etfilium]
1222 4225 1291 4276 Otha
1301 4227 1352 4276 und

403 4295 490 4356 pitulo
497 4293 619 4353 Historiae
638 4295 733 4344 Nennii
750 4292 865 4360 (mvi.)
890 4295 978 4344 Ebusa
988 4310 1056 4346 were
1075 4295 1118 4343 the
1136 4309 1223 4344 names
1239 4296 1269 4345 oi
1282 4297 1352 4345 Hen-

403 4359 445 4412 the
457 4363 582 4425 daughter
590 4365 619 4423 oi
626 4365 743 4432 Hengest
752 4364 863 4414 needed
888 4366 966 4432 gest's
976 4365 1077 4414 brother
1087 4365 1138 4418 aud
1149 4379 1203 4416 son.
