3150 5046
192 507 336 588 marn]
420 521 534 570 onsrn
559 523 686 572 aucun
710 524 924 574 Anononuu.
1077 508 1141 574 351

193 679 362 762 singulari
390 679 549 761 exemplo
576 679 779 761 respexerit.
849 679 947 743 Mors
976 680 1012 743 in
1048 699 1142 744 com·

194 799 298 846 mune
319 782 411 844 bona
435 786 489 842 est
513 779 693 843 omnibus:
720 797 880 862 peream
899 779 1018 862 justus
1041 799 1142 864 repo-

194 880 289 944 nitur
313 881 350 943 in
372 878 584 954 coelestibus,
604 877 756 961 injustus
782 879 881 960 ponit
904 878 1008 942 serias
1034 871 1142 943 scele-

194 979 311 1058 ribus;
335 979 446 1041 malus
471 977 533 1042 dat
556 977 698 1058 flagitiis
718 979 913 1055 terminum,
931 979 1041 1042 bonus
1063 999 1142 1060 per-

194 1079 306 1142 tendit
327 1078 372 1141 ad
394 1077 572 1154 bravium
600 1083 742 1140 sanctus
763 1079 976 1191 propinquat
1000 1079 1045 1141 ad
1066 1078 1142 1160 pal·

194 1197 299 1254 mam,
312 1183 476 1259 peccator
497 1181 633 1258 spectat
648 1177 693 1239 nd
709 1177 858 1254 veniam,
873 1177 967 1260 quod
988 1177 1065 1258 figit
1079 1177 1143 1241 fla-

196 1277 292 1358 gitiis
315 1283 453 1340 metam,
506 1275 641 1338 Gratiae
658 1277 766 1358 igitur
777 1277 862 1340 milri
876 1277 1044 1341 habendae
1062 1285 1145 1342 sunt

197 1376 335 1439 illorum
367 1376 444 1440 vice
472 1375 531 1456 qui
562 1375 670 1439 tantis
700 1376 847 1439 miseriis
879 1377 1033 1458 exempti
1062 1385 1145 1441 sunt

195 1495 272 1540 meo
290 1494 438 1538 munere.
492 1473 583 1538 Haec
604 1473 721 1552 habui,
739 1495 817 1556 quae
833 1494 898 1557 pro
913 1495 968 1539 me
983 1475 1144 1553 dicerem,

196 1582 236 1639 ut
263 1582 398 1639 vestras
426 1573 634 1637 assertiones
662 1593 877 1638 evacuarem.
945 1574 1025 1652 Sed,
1056 1595 1144 1656 quo·

196 1674 290 1737 niam
309 1681 345 1738 et
363 1692 449 1736 meae
468 1679 503 1736 et
518 1680 644 1737 vestrae
669 1673 951 1738 ratiocinationes
965 1673 1040 1738 falli
1062 1693 1143 1756 pos·

196 1780 290 1850 sunt,
317 1772 572 1836 committamus
591 1772 707 1836 omnia
729 1771 847 1838 divino
869 1773 1042 1838 examini:
1068 1793 1144 1837 cor·

196 1891 262 1954 pus
280 1891 404 1948 meum,
422 1878 679 1935 antecessorum
694 1892 789 1936 more
807 1873 1047 1954 compositum,
1062 1881 1144 1937 ante

192 1971 321 2055 januas
344 1970 497 2034 ecclesiae
515 1971 647 2050 sistite;
668 1971 788 2053 Januae
803 1971 889 2035 seris
914 1980 949 2036 et
968 1973 1144 2054 repagulis

198 2069 427 2134 damnentur:
459 2071 489 2132 si
511 2070 610 2134 Deus
633 2070 782 2134 voluerit
808 2078 848 2134 ut
870 2071 1056 2154 ingrediar,
1082 2092 1144 2154 ap·

197 2170 369 2252 plaudatis
391 2170 577 2249 miraculo;
600 2169 655 2234 sin
671 2171 796 2246 minue,
814 2170 857 2234 de
878 2171 1047 2235 cadavere
1068 2191 1145 2236 meo

198 2268 302 2333 facite
317 2270 407 2351 quod
423 2271 538 2350 potius
552 2270 678 2334 vestris
693 2270 858 2334 insederit
872 2270 1020 2334 animis)

250 2369 359 2452 3203.
384 2368 464 2431 Hac
486 2369 632 2450 permoti
657 2370 825 2445 oratione,
842 2388 921 2432 cum
936 2363 1020 2433 illel
1028 2377 1144 2435 extre·
1157 2384 1278 2425 tonale

199 2487 292 2531 mum
310 2467 472 2542 efflasset,
495 2475 575 2531 ante
591 2474 710 2548 portas
733 2469 819 2531 seris
842 2469 998 2531 occlusas
1022 2471 1144 2532 exani-

198 2568 264 2630 mis
289 2566 449 2648 praesulis
468 2567 614 2630 exuvias
638 2566 842 2647 deportant;
866 2567 927 2630 sed
954 2587 1036 2631 mox
1059 2568 1147 2632 divi·

198 2666 293 2729 nitus
314 2667 415 2729 turbo
442 2666 599 2741 emissus,
622 2666 738 2728 omnia
761 2666 1005 2747 repagulorum
1031 2668 1147 2730 obsta-

199 2765 279 2828 cula
307 2765 518 2844 dirumpens
546 2764 669 2827 valvas
692 2764 796 2827 etiam
818 2765 926 2845 ipsaS,
950 2764 1145 2830 vehementi

198 2862 391 2945 patefactas
402 2864 545 2944 impetu,
561 2862 605 2926 ad
618 2863 785 2944 parietem
800 2863 948 2944 impulit.
990 2863 1147 2946 Populus

198 2969 319 3027 astans
341 2962 510 3026 acclamat
533 2963 569 3025 in
592 2961 777 3043 gaudium:
809 2962 984 3044 pontificis
1020 2982 1148 3046 corpus

198 3082 276 3126 cum
292 3056 466 3144 ²patribus
479 3061 606 3125 celebri
619 3062 843 3125 veneratione
857 3063 1019 3127 locatum.
1037 3146 1045 3162 ο
1144 3073 1145 3076 ’

266 3252 313 3298 DE
337 3251 502 3300 MULIERE
525 3250 708 3298 MALEFIGA
734 3250 758 3297 A
785 3250 1004 3298 DAEMONIBUS
1026 3252 1073 3299 AB

471 3349 642 3396 ECCLESIA
664 3348 873 3396 EXTRAO'I'A.

251 3454 367 3537 §204
391 3429 538 3518 Hisdem
561 3456 682 3519 diebus
711 3455 821 3518 simile
849 3454 966 3519 lruic
956 3474 992 3517 rn
1015 3453 1146 3536 Anglia
1159 3474 1228 3514 me
1227 3473 1312 3514 {tenor

201 3554 359 3634 contigit,
374 3573 442 3617 non
458 3573 607 3635 superno
625 3555 802 3630 miraculo,
825 3553 886 3618 sed
908 3554 1043 3618 inferno
1057 3575 1146 3638 prae·
1158 3525 1269 3574 mm

201 3653 326 3734 stigi03
352 3653 444 3735 quod
470 3673 547 3717 cum
577 3655 739 3729 retulero,
766 3673 835 3717 non
858 3654 1035 3717 vacillabit
1062 3654 1146 3718 fides

201 3751 355 3816 historiae
387 3753 452 3816 etsi
480 3760 612 3817 mentes
636 3754 831 3816 auditorum
855 3753 925 3817 sint
949 3753 1146 3818 incredula.

202 3851 278 3932 Ego
301 3852 387 3915 illud
411 3871 433 3915 a
458 3851 521 3915 tali
546 3853 621 3917 viro
644 3852 774 3928 audivi,
799 3853 859 3934 qui
884 3852 1068 3916 sevidisse
1087 3853 1148 3936 ju-

236 4150 410 4200 ¹Eaetremum
426 4147 557 4219 efflaret]
583 4152 613 4201 C.
628 4153 661 4200 Ε.
722 4148 887 4214 Ῥαίνὶὺιιε.]
907 4153 937 4202 C.
956 4153 991 4202 D.
1010 4155 1059 4214 E.;
1079 4169 1151 4216 pres·

201 4224 232 4341 ᾗ.
243 4225 407 4341 ςδειὲτθωυω
415 4221 525 4272 efflasset
535 4222 664 4284 spiritum,
687 4223 791 4340 igytedp,
823 4222 851 4272 S.
880 4224 929 4283 L.;
957 4224 1151 4285 praedccessori·

228 4327 235 4342 .
270 4327 276 4341 .
314 4325 322 4340 .
705 4306 745 4354 us,
783 4327 790 4341 .
