3150 5046
396 447 463 512 360
626 460 739 508 unsri
763 457 890 506 nacon
914 456 1127 505 suenonou.
1211 441 1295 521 [uin.
1313 454 1350 500 11.

400 617 534 682 nilariae
546 616 752 682 conditionis
768 609 816 680 ¹et
823 614 1048 699 professionis
1060 614 1224 677 sanctosl
1240 605 1351 690 Ὦπο-

402 738 478 781 rum
501 719 728 800 nuncupatim
754 716 896 780 nomina
920 722 957 779 et
978 715 1069 778 vitas
1094 713 1256 795 persequi
1270 764 1273 770 .
1289 729 1352 774 nec

403 817 619 901 propositum
635 825 761 881 estnec
773 815 903 893 otium3
921 808 1151 897 ³quanquam‚
1161 812 1206 876 oh
1219 813 1250 876 si
1266 817 1352 874 tem·

404 935 470 999 pus
493 917 576 980 olim
597 916 702 980 fuerit
716 917 842 999 super!
866 913 928 978 sed
943 915 1078 990 tacebo,
1092 933 1136 976 ne
1153 912 1287 996 maiora
1302 909 1353 975 vi-

405 1016 500 1079 ribus
523 1015 644 1078 videar
673 1014 838 1098 polliceri.
892 1011 1010 1097 Atque
1038 1013 1126 1076 adeo
1155 1011 1289 1075 nullum
1311 1011 1354 1073 de

405 1116 505 1198 plebe
530 1103 670 1179 necesse
696 1122 751 1178 est
773 1114 964 1191 nominare,
993 1111 1054 1176 sed
1081 1118 1218 1176 tautum
1249 1111 1354 1192 regiae

407 1215 525 1297 stirpis
547 1233 672 1297 pueros
694 1214 885 1297 puellasve,
906 1220 947 1276 ut
970 1218 1097 1295 coeptae
1120 1211 1276 1275 materiae
1298 1231 1354 1274 or·

407 1313 499 1378 bitus
526 1314 672 1396 ducam3
695 1314 878 1397 plerosque
899 1313 1103 1377 innocenter
1123 1329 1245 1388 caesos,
1267 1329 1355 1393 quos

409 1434 480 1478 non
503 1414 656 1478 humana
676 1412 889 1497 conjectura,
912 1412 972 1476 sed
997 1411 1116 1476 divino
1138 1410 1240 1487 ratio,
1263 1430 1354 1473 mar-

409 1521 504 1598 tyres
536 1513 773 1578 consecravit:
806 1511 897 1576 unde
928 1512 1031 1576 datur
1052 1511 1216 1591 cognosci
1244 1529 1355 1591 quan-

410 1620 482 1677 tam
505 1613 648 1678 fecerint
677 1612 827 1677 licentiae
850 1609 1070 1694 voluptatum
1094 1609 1361 1692 parcimoniam,-

410 1712 482 1796 qui,
499 1719 572 1776 tam
586 1712 698 1777 facilis
720 1711 814 1776 necis
829 1710 1043 1795 compendio,
1058 1709 1235 1773 coelestem
1253 1729 1355 1774 occu-

410 1819 582 1896 paverunt
596 1813 754 1894 gloriam.

247 1922 398 1974 uranum
462 1911 567 1996 §QOS
585 1905 644 1976 4In
661 1911 821 1976 laudibus
834 1908 1024 1974 beatissimi
1035 1908 1203 1987 Oswaldi,
1214 1908 1305 1990 regis
1320 1915 1356 1972 et

247 1975 289 2014 and
298 1978 384 2024 martyr.

409 2013 586 2096 martyris,
616 2012 653 2074 in
678 2011 846 2094 superiori
873 2011 962 2073 libro
990 2008 1192 2091 aliquandiu
1220 2015 1358 2073 versata

410 2118 464 2174 est
489 2111 620 2190 oratio;
655 2111 755 2193 cujus
780 2108 976 2174 sanctitatis
1000 2107 1096 2173 fuere
1118 2108 1258 2186 indicia,
1280 2128 1358 2172 cum

410 2218 550 2288 caetera,
571 2203 663 2282 ⁵tum
692 2208 777 2273 illud
798 2208 891 2291 quod
915 2208 1102 2272 secundum
1117 2208 1277 2290 quaedam
1299 2227 1358 2271 ex·

411 2310 579 2392 emplaria
599 2311 635 2372 in
658 2309 767 2390 gestis
783 2307 977 2390 Anglorum
1003 2307 1179 2372 asseritur.
1233 2307 1276 2370 In
1300 2307 1358 2371 Se

446 2630 453 2659 ¹
469 2634 505 2681 Et
513 2631 693 2696 professionis]
705 2631 740 2683 A.
752 2632 781 2682 S.
796 2633 826 2682 G.
839 2632 874 2682 D.
899 2631 987 2680 randis
1004 2632 1132 2694 capitulis.
1169 2632 1225 2682 Nec
1240 2633 1282 2682 hic
1299 2633 1360 2682 titu-

411 2705 468 2752 ΕΣ).
483 2703 532 2763 1..;
549 2702 653 2766 omitted
664 2703 691 2751 in
703 2703 758 2752 El.
899 2702 941 2751 lus
957 2717 1004 2751 nec
1021 2703 1135 2763 proxime
1152 2715 1260 2763 sequens
1277 2704 1358 2752 estin

447 2769 574 2828 ²Quorum
582 2773 739 2836 nuncupatim
747 2771 844 2820 nomino
851 2775 876 2819 et
899 2772 983 2820 indice
996 2772 1164 2833 capitulorum
1175 2773 1271 2822 codicis
1282 2773 1359 2836 Mori,

412 2842 499 2904 uitus]
511 2842 581 2892 M.
590 2844 619 2891 C.
626 2843 658 2891 E.
669 2858 676 2902 ς
688 2843 719 2891 L.
727 2841 802 2890 reads
810 2841 876 2889 ‘om-
900 2841 999 2890 etiamsi
1014 2848 1092 2902 caput
1102 2854 1158 2891 xrv.
1170 2843 1203 2891 sit
1214 2843 1240 2890 in
1251 2843 1307 2905 ipso
1318 2857 1359 2892 co·

413 2911 540 2961 nia'ior‘
549 2912 674 2973 nomina3'
686 2926 792 2972 quorum
809 2925 876 2959 nunc
901 2911 967 2972 dice,
989 2910 1057 2972 quod
1073 2915 1099 2961 et
1116 2910 1148 2960 de
1167 2911 1254 2961 codice
1274 2913 1359 2962 Cotto·

414 2981 525 3043 pundere
535 2981 771 3042 nominandum,
783 2981 818 3029 D.
901 2980 976 3029 niano
996 2994 1027 3031 11.
1044 2980 1182 3029 dcundum
1205 2986 1252 3042 est,
1270 2983 1315 3032 sed
1332 2983 1358 3030 in

451 3049 461 3078 ³
474 3051 627 3112 Quanquam,
637 3050 668 3097 ob
680 3050 703 3097 si
717 3054 810 3112 tompus
820 3050 877 3097 olim
901 3050 988 3100 codice
1011 3050 1160 3099 Cottoniano
1182 3063 1200 3100 1.
1223 3053 1296 3102 deest
1310 3052 1357 3102 hoc

409 3119 492 3180 suerit
503 3133 575 3181 super
583 3115 608 3182 l]
620 3118 690 3168 dd.
705 3120 734 3168 C.
743 3120 775 3167 Ε.
786 3121 821 3168 Κ.
829 3119 876 3179 L.;
901 3124 979 3181 eaput
996 3132 1050 3169 xiv,
1068 3120 1100 3168 de
1120 3121 1253 3182 oswaldo,
1274 3127 1300 3170 et
1313 3137 1358 3171 no-

404 3195 561 3250 ‘quanquam
572 3189 617 3236 otii
627 3193 727 3250 tempus
734 3189 795 3238 olim
801 3189 878 3238 luerit
900 3193 969 3238 tatrrr
979 3190 1005 3237 in
1016 3190 1128 3252 margine
1141 3205 1218 3239 mann
1229 3191 1303 3240 valde
1314 3207 1359 3241 sn-

416 3273 503 3321 super,
513 3258 542 3308 S.
900 3259 972 3319 tiqua
981 3261 998 3287 ‘⁴
1007 3259 1060 3309 Hic
1076 3261 1148 3308 deest
1157 3260 1272 3310 folium.”
1306 3262 1359 3311 Ex·

451 3326 462 3358 ⁴
483 3328 513 3376 ln
537 3327 649 3376 madibus
673 3327 806 3377 beatissimi
831 3329 877 3377 Os·
900 3329 958 3377 inde
980 3329 1057 3377 etiam
1077 3330 1207 3390 sequiores
1226 3329 1302 3382 MSS.
1318 3331 1360 3380 vel

415 3397 498 3460 waldi,
508 3398 576 3460 regis
594 3403 619 3447 et
634 3399 760 3462 nnrtpriq
771 3399 797 3447 in
808 3412 877 3461 supe·
899 3404 1048 3460 argumenta
1066 3400 1177 3460 cupitum
1200 3412 1254 3449 rur.
1273 3405 1300 3448 et
1316 3413 1358 3450 xv·

415 3468 477 3516 riori
494 3468 556 3517 libro
572 3468 714 3531 aliquandiu
728 3473 823 3517 ueruto
839 3472 876 3516 est
899 3467 940 3515 vel
959 3473 1037 3529 caput
1058 3469 1142 3529 ipsum
1162 3481 1216 3518 xiv,
1233 3471 1360 3531 omittunt,

510 3624 526 3656 u
1162 3643 1169 3658 .
1240 3624 1254 3657 e
1299 3625 1357 3658 cum

414 3679 523 3738 quodum
538 3623 686 3738 exemplario
698 3677 724 3724 in
733 3678 813 3738 gestis
822 3675 875 3724 An·
899 3622 1047 3737 argumerlita
1061 3682 1087 3726 et
1097 3677 1230 3739 dispositio
1245 3680 1357 3740 capitum

413 3747 511 3806 giorum
532 3747 672 3808 asseritur]
701 3747 780 3794 Bedae
803 3746 873 3795 Hist.
899 3745 1122 3795 benecmveniunt
1137 3748 1251 3808 subjecto
1266 3749 1359 3798 invul-

415 3815 563 3864 Ecclesiust.
585 3815 662 3865 Gent.
680 3815 757 3877 Angl.
775 3816 820 3864 lib.
838 3828 873 3864 iv.
899 3817 1002 3876 guribus
1025 3817 1101 3866 MSS.
1124 3831 1241 3877 unusque
1259 3833 1273 3867 e
1291 3823 1359 3868 rete·

414 3899 437 3933 c.
450 3898 502 3934 xiv.
523 3886 596 3934 Some
606 3885 680 3934 MSS.
688 3885 716 3932 of
725 3885 798 3934 Beda
805 3891 875 3934 want
898 3885 968 3935 ribus
988 3886 1064 3936 MSS.
1082 3885 1169 3934 lolium
1190 3887 1263 3937 deest
1278 3887 1358 3938 latea-

413 3954 875 4017 thiscbapter.More'sMS.however,
898 3957 948 4015 tur,
970 3961 997 4004 et
1017 3957 1113 4017 recepti
1134 3956 1229 4005 ordinis
1252 3959 1358 4007 mutatio

413 4023 476 4072 from
495 4024 580 4074 which
600 4024 680 4073 Smith
699 4025 809 4087 printed,
827 4023 873 4074 has
898 4024 1069 4073 confusionem
1091 4026 1203 4086 aliquam
1222 4027 1358 4077 lectoribus

412 4093 440 4142 it.
476 4095 651 4143 Thatlearned
660 4095 741 4144 editor
752 4099 873 4143 accounts
897 4095 989 4153 pariat,
1000 4110 1048 4157 ego
1064 4097 1090 4143 in
1107 4096 1268 4156 antiquorum
1286 4098 1357 4148 codi-

411 4163 449 4211 ior
466 4165 507 4213 the
526 4165 644 4212 omission
665 4164 739 4212 thus:
757 4165 873 4225 ‘Magna
896 4178 953 4212 cum
966 4165 1121 4214 dissonantia
1132 4165 1262 4226 vulgarem
1273 4168 1359 4230 dispo·

409 4231 450 4289 lu'c
463 4239 502 4283 est
512 4233 655 4284 differentia
666 4235 740 4284 MSS.
749 4235 774 4283 in
785 4249 872 4284 nume·
896 4233 1011 4284 sitionem
1023 4239 1125 4286 secutus
1137 4237 1213 4285 sum.’
