3150 5046
203 509 272 558 mn.
288 495 345 576 io]
427 513 541 562 casm
564 513 692 562 ancum
715 513 930 562 suenorum,
1086 497 1151 562 371

206 675 241 732 et
268 688 334 751 ego
360 677 395 734 et
420 671 550 754 conjux
577 671 694 736 felices
712 666 856 735 ¹erimus
880 669 910 734 si
929 689 955 734 a
973 669 1046 732 filia
1068 669 1149 732 reli-

98 813 102 820 .
206 769 310 848 gione
326 769 411 833 victi
426 770 615 834 fuerimus'
668 771 726 834 Ita
751 759 1065 834 sanctimonialium
1088 767 1149 830 ha-

204 867 315 931 bitum
332 869 465 946 induta,
482 877 626 933 cunetas
652 870 790 933 sodales
808 870 853 933 ad
868 887 1022 933 amorem
1039 867 1095 930 sui
1111 867 1147 931 in

205 967 290 1030 urbe
316 966 507 1032 Wintoniae
541 969 727 1033 sedulitate
766 969 924 1051 obsequii
953 967 1146 1045 invitabat3

206 1085 268 1128 nec
290 1068 515 1150 resupinabat
537 1087 613 1132 eam
636 1069 710 1132 alta
734 1068 908 1150 prosapiae
930 1066 1147 1146 magnitudo,

206 1165 298 1246 quod
322 1185 529 1247 generosum
545 1173 686 1249 putaret
701 1169 738 1230 in
756 1165 886 1230 Christi
902 1163 1062 1228 inclinari
1078 1183 1147 1228 ser-

204 1265 302 1328 vitio·
347 1263 535 1328 Crescebat
550 1285 628 1328 cum
643 1272 748 1330 aetate
765 1265 953 1342 sanctitas3
972 1263 1147 1328 adolesce-

205 1363 266 1427 bat
282 1383 360 1426 cum
379 1363 499 1428 adulta
524 1364 716 1442 humilitas,
738 1365 775 1427 in
802 1370 945 1427 tantum¹
964 1369 1004 1424 ut
1028 1362 1148 1443 singu-

204 1461 317 1525 larum
343 1481 463 1527 soccos
490 1462 609 1526 furtim
639 1471 744 1528 noctu
775 1463 976 1544 surriperet,
1010 1466 1045 1523 et
1071 1461 1148 1524 dili.

206 1567 328 1642 genter
338 1561 428 1626 lotos
443 1568 480 1626 et
494 1561 656 1627 inunctos
672 1563 772 1627 lectis
790 1555 928 1624 ²rursus
943 1567 1146 1642 apponeret.

207 1657 441 1742 Quapropter,
467 1661 549 1725 licet
570 1662 689 1726 multis
711 1661 887 1724 miraculis
913 1658 1011 1723 Deus
1027 1659 1148 1722 viven-

206 1765 276 1822 tem
301 1760 508 1842 insignierit,
525 1760 620 1825 istud
640 1761 837 1842 exemplum
857 1759 970 1840 magis
987 1758 1024 1821 in
1040 1776 1147 1820 causa

205 1857 369 1939 praedico,
391 1859 483 1940 quod
506 1861 622 1923 omnia
638 1878 745 1942 opera
761 1859 837 1942 ejus
862 1857 1048 1921 inchoabat
1064 1857 1146 1919 cha-

206 1957 293 2021 ritas
321 1964 358 2022 et
382 1960 644 2022 consummabat
662 1958 852 2022 humilitas.
904 1956 1065 2037 Denique
1087 1954 1146 2018 de·

205 2057 380 2120 votionem
405 2059 556 2139 pectoris
578 2064 614 2121 et
633 2057 870 2139 integritatem
894 2054 1049 2137 corporis
1071 2053 1147 2137 ejus

206 2154 385 2234 miracula,
402 2157 439 2220 in
454 2157 530 2221 vita
557 2164 594 2221 et
618 2165 699 2240 post
723 2162 880 2231 mortem,
906 2152 1148 2217 commendant

204 2254 365 2336 plurima,
385 2275 464 2339 quae
486 2257 694 2340 templorum
716 2256 804 2340 ejus
820 2253 939 2319 aeditui
956 2253 1147 2318 Wintoniee

205 2361 241 2416 et
257 2352 425 2419 Perseore
440 2356 672 2420 nescientibus
687 2356 771 2419 viva
786 2372 872 2418 voce
888 2351 1129 2434 pronunciant.

257 2451 504 2534 §218.Edgari
520 2454 613 2535 regis
630 2452 715 2530 filia,
728 2454 832 2516 beata
842 2449 1007 2532 Edgitha,
1018 2449 1148 2514 Wilto-
1160 2473 1189 2514 a.
1200 2473 1298 2522 raeiri.

205 2542 1147 2629 niensecoenobium‚sedemossiumsuorum,³dulcibus

205 2651 343 2714 exuviis
367 2656 526 2728 exornat,
552 2668 670 2713 amore
693 2649 810 2728 fovet;
837 2649 908 2724 ubi,
931 2649 975 2710 ab
1000 2645 1149 2710 infantia

205 2748 334 2812 scholae
349 2749 543 2816 Dominicae
559 2748 701 2824 tradita,
717 2749 919 2830 incorrupta
934 2764 1071 2826 semper
1079 2745 1149 2808 vir·

205 2847 354 2928 ginitate
388 2854 424 2910 et
447 2845 684 2930 frequentibus
718 2846 874 2910 excubiis
901 2845 969 2908 Dei
999 2844 1148 2926 gratiam

121 2977 122 2980 ¹
205 2946 457 3023 demerebatur,
493 2945 661 3010 natahmn
690 2951 860 3009 tumorem
893 2945 1019 3008 mentis
1052 2943 1149 3024 inge·

205 3045 340 3108 nuitate
372 3064 543 3128 premens.
606 3045 724 3108 Unum
757 3063 779 3108 a
807 3044 997 3128 majoribus
1030 3042 1150 3124 accepi

206 3143 300 3226 quod
316 3164 388 3208 non
407 3145 626 3209 mediocriter
636 3144 808 3227 judicium
824 3143 1020 3208 offendebat
1040 3140 1150 3206 homi-

206 3263 300 3320 num,
328 3243 452 3308 fallens
469 3244 632 3309 videlicet
659 3244 778 3308 oeulos
804 3263 923 3306 eorum
947 3247 1148 3305 auratarum

206 3349 379 3424 apparatu
403 3343 573 3420 vestium3
605 3341 776 3423 siquidem
809 3341 1012 3404 cultioribus
1046 3339 1147 3402 indu-

206 3440 332 3502 mentis
360 3440 494 3523 jugiter
524 3446 650 3503 ornata
685 3438 886 3522 procederet
916 3457 1026 3520 quam,
1054 3437 1149 3500 illius

206 3531 451 3620 *professionis
489 3537 687 3602 sanctitudo
723 3543 939 3619 exposceret.
992 3535 1094 3599 Unde
1127 3555 1149 3598 a

205 3644 328 3701 saneto
347 3637 561 3702 Ethelwoldo
583 3637 700 3720 palam
721 3637 913 3718 increpata,
930 3634 1149 3718 respondisse

206 3736 327 3814 fertur,
348 3756 412 3800 nec
431 3737 549 3819 inepte
574 3755 636 3800 nec
658 3736 817 3815 infacete,
835 3735 980 3800 ‘Verax
1006 3741 1042 3798 et
1067 3735 1151 3798 irre-

243 4051 388 4124 ¹Erimua]
405 4058 439 4111 A.
465 4059 494 4108 C.
512 4059 547 4110 D.
564 4061 598 4111 E.
618 4061 649 4112 L.
658 4076 668 4123 3
729 4059 893 4127 Μαλαῶνι]
915 4061 991 4113 Μ’.
1006 4061 1148 4113 C.D.E2.

207 4126 311 4175 omitted
321 4127 348 4175 in
361 4127 390 4178 S.
694 4132 742 4191 L.;
759 4132 878 4194 ducibus,
889 4133 913 4180 Ε
920 4137 944 4182 1.

242 4191 390 4258 Mearm]
422 4198 458 4250 D.
481 4199 531 4260 Ea
558 4213 670 4263 rursum,
729 4199 1157 4265 ⁴Proseseicnis.]A.G.D.E.L.;

208 4263 242 4316 A.
255 4265 283 4314 S.
296 4266 327 4318 C.
338 4267 370 4318 L.
696 4271 878 4322 omittedind'.
