<?xml version="1.0" encoding="UTF-8"?>
<!DOCTYPE html PUBLIC "-//W3C//DTD XHTML 1.0 Transitional//EN"
    "http://www.w3.org/TR/xhtml1/DTD/xhtml1-transitional.dtd">
<html xmlns="http://www.w3.org/1999/xhtml" xml:lang="en" lang="en">
 <head>
  <title>
</title>
<meta http-equiv="Content-Type" content="text/html;charset=utf-8" />
  <meta name='ocr-system' content='tesseract 3.04.00' />
  <meta name='ocr-capabilities' content='ocr_page ocr_carea ocr_par ocr_line ocrx_word'/>
</head>
<body>
  <div class='ocr_page' id='page_1' title='image "./willelmimalmesb01hardgoog_0105.png"; bbox 0 0 3190 5060; ppageno 0'>
   <div class='ocr_carea' id='block_1_1' title="bbox 210 465 1161 553">
    <p class='ocr_par' dir='ltr' id='par_1_1' title="bbox 210 465 1161 553">
     <span class='ocr_line' id='line_1_1' title="bbox 210 465 1161 553; baseline -0.011 -15"><span class='ocrx_word' id='word_1_1' title='bbox 210 493 278 538; x_wconf 80' lang='lat' dir='ltr'><strong>nm.</strong></span> <span class='ocrx_word' id='word_1_2' title='bbox 296 473 336 553; x_wconf 91' lang='lat'><strong>1.]</strong></span> <span class='ocrx_word' id='word_1_3' title='bbox 434 485 548 532; x_wconf 78' lang='lat' dir='ltr'><strong>cnsrn</strong></span> <span class='ocrx_word' id='word_1_4' title='bbox 573 484 699 530; x_wconf 80' lang='lat' dir='ltr'><strong>aucun</strong></span> <span class='ocrx_word' id='word_1_5' title='bbox 724 483 936 531; x_wconf 77' lang='lat' dir='ltr'><strong>nncnonuu.</strong></span> <span class='ocrx_word' id='word_1_6' title='bbox 1118 465 1161 529; x_wconf 87' lang='grc'><strong>91</strong></span> 
     </span>
    </p>
   </div>
   <div class='ocr_carea' id='block_1_2' title="bbox 210 639 1305 3723">
    <p class='ocr_par' dir='ltr' id='par_1_2' title="bbox 210 639 1305 2806">
     <span class='ocr_line' id='line_1_2' title="bbox 210 639 1305 746; baseline -0.011 -37"><span class='ocrx_word' id='word_1_7' title='bbox 210 645 325 722; x_wconf 90' lang='lat' dir='ltr'><strong>modo,</strong></span> <span class='ocrx_word' id='word_1_8' title='bbox 340 643 494 708; x_wconf 87' lang='lat' dir='ltr'><strong>modicus</strong></span> <span class='ocrx_word' id='word_1_9' title='bbox 518 649 633 707; x_wconf 90' lang='lat' dir='ltr'><strong>tumor</strong></span> <span class='ocrx_word' id='word_1_10' title='bbox 655 642 691 706; x_wconf 91' lang='lat' dir='ltr'><strong>in</strong></span> <span class='ocrx_word' id='word_1_11' title='bbox 716 641 859 724; x_wconf 89' lang='lat' dir='ltr'><strong>pedibus</strong></span> <span class='ocrx_word' id='word_1_12' title='bbox 885 639 1058 724; x_wconf 86' lang='lat' dir='ltr'><strong>apparuit,</strong></span> <span class='ocrx_word' id='word_1_13' title='bbox 1071 639 1163 704; x_wconf 91' lang='lat' dir='ltr'><strong>haud</strong></span> <span class='ocrx_word' id='word_1_14' title='bbox 1177 656 1305 746; x_wconf 59' lang='lat' dir='ltr'><strong>aquator</strong></span> 
     </span>
     <span class='ocr_line' id='line_1_3' title="bbox 211 709 1242 825; baseline -0.005 -17"><span class='ocrx_word' id='word_1_15' title='bbox 211 745 335 809; x_wconf 91' lang='lat' dir='ltr'><strong>dubius</strong></span> <span class='ocrx_word' id='word_1_16' title='bbox 353 744 474 808; x_wconf 86' lang='lat' dir='ltr'><strong>vicinae</strong></span> <span class='ocrx_word' id='word_1_17' title='bbox 498 743 618 807; x_wconf 88' lang='lat' dir='ltr'><strong>mortis</strong></span> <span class='ocrx_word' id='word_1_18' title='bbox 641 761 820 825; x_wconf 81' lang='lat' dir='ltr'><strong>praesagus</strong></span> <span class='ocrx_word' id='word_1_19' title='bbox 835 749 870 806; x_wconf 90' lang='lat' dir='ltr'><strong>et</strong></span> <span class='ocrx_word' id='word_1_20' title='bbox 884 741 1001 805; x_wconf 88' lang='lat' dir='ltr'><strong>index.</strong></span> <span class='ocrx_word' id='word_1_21' title='bbox 1053 739 1164 817; x_wconf 85' lang='lat' dir='ltr'><strong>Tunc,</strong></span> <span class='ocrx_word' id='word_1_22' title='bbox 1177 709 1208 748; x_wconf 67' lang='lat'><strong>¹³⁰</strong></span> <span class='ocrx_word' id='word_1_23' title='bbox 1223 719 1242 747; x_wconf 66' lang='lat'>²</span> 
     </span>
     <span class='ocr_line' id='line_1_4' title="bbox 210 840 1164 925; baseline -0.004 -17"><span class='ocrx_word' id='word_1_24' title='bbox 210 845 321 909; x_wconf 87' lang='lat' dir='ltr'><strong>accita</strong></span> <span class='ocrx_word' id='word_1_25' title='bbox 337 845 617 925; x_wconf 78' lang='lat' dir='ltr'>congregatione,</span> <span class='ocrx_word' id='word_1_26' title='bbox 631 843 792 905; x_wconf 90' lang='lat' dir='ltr'><strong>inunctus</strong></span> <span class='ocrx_word' id='word_1_27' title='bbox 816 849 852 907; x_wconf 90' lang='lat' dir='ltr'><strong>et</strong></span> <span class='ocrx_word' id='word_1_28' title='bbox 874 840 1164 906; x_wconf 89' lang='lat' dir='ltr'><strong>communicatus:</strong></span> 
     </span>
     <span class='ocr_line' id='line_1_5' title="bbox 211 941 1167 1018; baseline -0.005 -9"><span class='ocrx_word' id='word_1_29' title='bbox 211 944 330 1009; x_wconf 85' lang='lat' dir='ltr'><strong>osculo</strong></span> <span class='ocrx_word' id='word_1_30' title='bbox 354 944 488 1008; x_wconf 89' lang='lat' dir='ltr'><strong>cunctis</strong></span> <span class='ocrx_word' id='word_1_31' title='bbox 514 943 635 1018; x_wconf 91' lang='lat' dir='ltr'><strong>libato,</strong></span> <span class='ocrx_word' id='word_1_32' title='bbox 659 941 810 1005; x_wconf 89' lang='lat' dir='ltr'><strong>futuram</strong></span> <span class='ocrx_word' id='word_1_33' title='bbox 836 942 890 1005; x_wconf 90' lang='lat' dir='ltr'><strong>sui</strong></span> <span class='ocrx_word' id='word_1_34' title='bbox 915 941 1114 1006; x_wconf 79' lang='lat' dir='ltr'><strong>memoriam</strong></span> <span class='ocrx_word' id='word_1_35' title='bbox 1145 959 1167 1004; x_wconf 89' lang='lat' dir='ltr'><strong>a</strong></span> 
     </span>
     <span class='ocr_line' id='line_1_6' title="bbox 212 1041 1167 1126; baseline -0.005 -19"><span class='ocrx_word' id='word_1_36' title='bbox 212 1045 358 1126; x_wconf 82' lang='lat' dir='ltr'><strong>singulis</strong></span> <span class='ocrx_word' id='word_1_37' title='bbox 373 1044 574 1126; x_wconf 77' lang='lat' dir='ltr'><strong>imploranS,</strong></span> <span class='ocrx_word' id='word_1_38' title='bbox 591 1042 765 1106; x_wconf 87' lang='lat' dir='ltr'>nonnullis</span> <span class='ocrx_word' id='word_1_39' title='bbox 785 1041 890 1106; x_wconf 89' lang='lat' dir='ltr'><strong>etiam</strong></span> <span class='ocrx_word' id='word_1_40' title='bbox 912 1041 1167 1106; x_wconf 80' lang='lat' dir='ltr'><strong>familiariorem</strong></span> 
     </span>
     <span class='ocr_line' id='line_1_7' title="bbox 215 1140 1167 1224; baseline -0.004 -16"><span class='ocrx_word' id='word_1_41' title='bbox 215 1143 575 1218; x_wconf 59' lang='lat' dir='ltr'><strong>amicitiamremeritis</strong></span> <span class='ocrx_word' id='word_1_42' title='bbox 598 1142 749 1219; x_wconf 83' lang='lat' dir='ltr'><strong>xeniola,</strong></span> <span class='ocrx_word' id='word_1_43' title='bbox 764 1143 892 1224; x_wconf 84' lang='lat' dir='ltr'><strong>quaein</strong></span> <span class='ocrx_word' id='word_1_44' title='bbox 906 1142 1048 1206; x_wconf 86' lang='lat' dir='ltr'><strong>secretis</strong></span> <span class='ocrx_word' id='word_1_45' title='bbox 1062 1140 1167 1204; x_wconf 90' lang='lat' dir='ltr'><strong>habe-</strong></span> 
     </span>
     <span class='ocr_line' id='line_1_8' title="bbox 213 1240 1168 1325; baseline -0.005 -17"><span class='ocrx_word' id='word_1_46' title='bbox 213 1246 285 1322; x_wconf 89' lang='lat' dir='ltr'><strong>bat,</strong></span> <span class='ocrx_word' id='word_1_47' title='bbox 296 1243 443 1325; x_wconf 84' lang='lat' dir='ltr'><strong>largitus</strong></span> <span class='ocrx_word' id='word_1_48' title='bbox 458 1249 522 1307; x_wconf 89' lang='lat' dir='ltr'><strong>est.</strong></span> <span class='ocrx_word' id='word_1_49' title='bbox 576 1241 643 1306; x_wconf 90' lang='lat' dir='ltr'><strong>Die</strong></span> <span class='ocrx_word' id='word_1_50' title='bbox 660 1262 741 1306; x_wconf 89' lang='lat' dir='ltr'><strong>vero</strong></span> <span class='ocrx_word' id='word_1_51' title='bbox 753 1240 989 1318; x_wconf 75' lang='lat' dir='ltr'><strong>AscensioniS,</strong></span> <span class='ocrx_word' id='word_1_52' title='bbox 1005 1261 1082 1305; x_wconf 92' lang='lat' dir='ltr'><strong>cum</strong></span> <span class='ocrx_word' id='word_1_53' title='bbox 1093 1240 1168 1324; x_wconf 88' lang='lat' dir='ltr'><strong>jam</strong></span> 
     </span>
     <span class='ocr_line' id='line_1_9' title="bbox 213 1341 1170 1424; baseline -0.005 -17"><span class='ocrx_word' id='word_1_54' title='bbox 213 1345 342 1420; x_wconf 89' lang='lat' dir='ltr'><strong>anima,</strong></span> <span class='ocrx_word' id='word_1_55' title='bbox 365 1343 525 1424; x_wconf 82' lang='lat' dir='ltr'><strong>fragilem</strong></span> <span class='ocrx_word' id='word_1_56' title='bbox 544 1361 645 1406; x_wconf 89' lang='lat' dir='ltr'><strong>usum</strong></span> <span class='ocrx_word' id='word_1_57' title='bbox 667 1342 821 1424; x_wconf 87' lang='lat' dir='ltr'><strong>corporis</strong></span> <span class='ocrx_word' id='word_1_58' title='bbox 844 1362 963 1419; x_wconf 90' lang='lat' dir='ltr'><strong>exosa,</strong></span> <span class='ocrx_word' id='word_1_59' title='bbox 985 1341 1170 1423; x_wconf 81' lang='lat' dir='ltr'><strong>egredique</strong></span> 
     </span>
     <span class='ocr_line' id='line_1_10' title="bbox 214 1441 1170 1526; baseline -0.004 -19"><span class='ocrx_word' id='word_1_60' title='bbox 214 1444 367 1526; x_wconf 83' lang='lat' dir='ltr'><strong>gestiens</strong></span> <span class='ocrx_word' id='word_1_61' title='bbox 381 1443 579 1526; x_wconf 87' lang='lat' dir='ltr'><strong>palpitaret,</strong></span> <span class='ocrx_word' id='word_1_62' title='bbox 602 1448 725 1505; x_wconf 89' lang='lat' dir='ltr'><strong>contra</strong></span> <span class='ocrx_word' id='word_1_63' title='bbox 746 1441 933 1506; x_wconf 88' lang='lat' dir='ltr'><strong>oratorium</strong></span> <span class='ocrx_word' id='word_1_64' title='bbox 949 1443 986 1504; x_wconf 90' lang='lat' dir='ltr'><strong>in</strong></span> <span class='ocrx_word' id='word_1_65' title='bbox 1003 1461 1072 1524; x_wconf 92' lang='lat' dir='ltr'><strong>quo</strong></span> <span class='ocrx_word' id='word_1_66' title='bbox 1087 1461 1170 1504; x_wconf 89' lang='lat' dir='ltr'><strong>oon·</strong></span> 
     </span>
     <span class='ocr_line' id='line_1_11' title="bbox 214 1540 1169 1625; baseline -0.006 -18"><span class='ocrx_word' id='word_1_67' title='bbox 214 1548 376 1608; x_wconf 86' lang='lat' dir='ltr'><strong>sueverat</strong></span> <span class='ocrx_word' id='word_1_68' title='bbox 404 1562 516 1620; x_wconf 89' lang='lat' dir='ltr'><strong>orare,</strong></span> <span class='ocrx_word' id='word_1_69' title='bbox 543 1542 655 1606; x_wconf 89' lang='lat' dir='ltr'><strong>cilicio</strong></span> <span class='ocrx_word' id='word_1_70' title='bbox 676 1541 844 1625; x_wconf 87' lang='lat' dir='ltr'><strong>subjecto,</strong></span> <span class='ocrx_word' id='word_1_71' title='bbox 867 1542 1085 1616; x_wconf 64' lang='lat' dir='ltr'><strong>decumbens</strong></span> <span class='ocrx_word' id='word_1_72' title='bbox 1102 1540 1169 1602; x_wconf 94' lang='lat' dir='ltr'><strong>illi-</strong></span> 
     </span>
     <span class='ocr_line' id='line_1_12' title="bbox 214 1640 1169 1724; baseline -0.006 -17"><span class='ocrx_word' id='word_1_73' title='bbox 214 1646 298 1707; x_wconf 90' lang='lat' dir='ltr'><strong>bato</strong></span> <span class='ocrx_word' id='word_1_74' title='bbox 329 1662 433 1706; x_wconf 88' lang='lat' dir='ltr'><strong>sensu</strong></span> <span class='ocrx_word' id='word_1_75' title='bbox 464 1650 499 1707; x_wconf 87' lang='lat' dir='ltr'><strong>et</strong></span> <span class='ocrx_word' id='word_1_76' title='bbox 525 1641 625 1705; x_wconf 89' lang='lat' dir='ltr'><strong>hilari</strong></span> <span class='ocrx_word' id='word_1_77' title='bbox 649 1641 750 1706; x_wconf 85' lang='lat' dir='ltr'><strong>vultu</strong></span> <span class='ocrx_word' id='word_1_78' title='bbox 773 1641 922 1724; x_wconf 88' lang='lat' dir='ltr'><strong>Spiritus</strong></span> <span class='ocrx_word' id='word_1_79' title='bbox 947 1640 1067 1704; x_wconf 90' lang='lat' dir='ltr'><strong>Sancti</strong></span> <span class='ocrx_word' id='word_1_80' title='bbox 1090 1657 1169 1720; x_wconf 81' lang='lat' dir='ltr'><strong>gra-</strong></span> 
     </span>
     <span class='ocr_line' id='line_1_13' title="bbox 216 1739 1171 1822; baseline -0.006 -14"><span class='ocrx_word' id='word_1_81' title='bbox 216 1745 302 1808; x_wconf 89' lang='lat' dir='ltr'><strong>tiam</strong></span> <span class='ocrx_word' id='word_1_82' title='bbox 323 1743 505 1820; x_wconf 85' lang='lat' dir='ltr'><strong>invitabat‚</strong></span> <span class='ocrx_word' id='word_1_83' title='bbox 528 1742 657 1818; x_wconf 92' lang='lat' dir='ltr'><strong>dicens,</strong></span> <span class='ocrx_word' id='word_1_84' title='bbox 686 1741 738 1805; x_wconf 86' lang='lat'><strong>‘0</strong></span> <span class='ocrx_word' id='word_1_85' title='bbox 763 1741 844 1804; x_wconf 86' lang='lat' dir='ltr'><strong>Rex</strong></span> <span class='ocrx_word' id='word_1_86' title='bbox 866 1740 998 1822; x_wconf 84' lang='lat' dir='ltr'><strong>gloriae,</strong></span> <span class='ocrx_word' id='word_1_87' title='bbox 1022 1739 1171 1803; x_wconf 90' lang='lat' dir='ltr'><strong>Domine</strong></span> 
     </span>
     <span class='ocr_line' id='line_1_14' title="bbox 216 1841 1171 1924; baseline -0.006 -17"><span class='ocrx_word' id='word_1_88' title='bbox 216 1844 397 1920; x_wconf 84' lang='lat' dir='ltr'><strong>virtutum,</strong></span> <span class='ocrx_word' id='word_1_89' title='bbox 430 1841 490 1924; x_wconf 92' lang='lat' dir='ltr'><strong>qui</strong></span> <span class='ocrx_word' id='word_1_90' title='bbox 518 1841 748 1924; x_wconf 89' lang='lat' dir='ltr'><strong>triumphator</strong></span> <span class='ocrx_word' id='word_1_91' title='bbox 777 1841 878 1905; x_wconf 87' lang='lat' dir='ltr'><strong>hodie</strong></span> <span class='ocrx_word' id='word_1_92' title='bbox 913 1859 1017 1923; x_wconf 90' lang='lat' dir='ltr'><strong>super</strong></span> <span class='ocrx_word' id='word_1_93' title='bbox 1053 1857 1171 1903; x_wconf 90' lang='lat' dir='ltr'><strong>omnes</strong></span> 
     </span>
     <span class='ocr_line' id='line_1_15' title="bbox 218 1939 1171 2024; baseline -0.004 -18"><span class='ocrx_word' id='word_1_94' title='bbox 218 1944 325 2006; x_wconf 86' lang='lat' dir='ltr'><strong>coelos</strong></span> <span class='ocrx_word' id='word_1_95' title='bbox 353 1941 552 2018; x_wconf 88' lang='lat' dir='ltr'><strong>ascendisti,</strong></span> <span class='ocrx_word' id='word_1_96' title='bbox 582 1961 626 2005; x_wconf 90' lang='lat' dir='ltr'><strong>ne</strong></span> <span class='ocrx_word' id='word_1_97' title='bbox 652 1941 869 2024; x_wconf 85' lang='lat' dir='ltr'><strong>derelinquas</strong></span> <span class='ocrx_word' id='word_1_98' title='bbox 895 1959 958 2004; x_wconf 91' lang='lat' dir='ltr'><strong>nos</strong></span> <span class='ocrx_word' id='word_1_99' title='bbox 987 1939 1171 2022; x_wconf 77' lang='lat' dir='ltr'><strong>orphanoS,</strong></span> 
     </span>
     <span class='ocr_line' id='line_1_16' title="bbox 218 2040 1171 2124; baseline -0.005 -17"><span class='ocrx_word' id='word_1_100' title='bbox 218 2043 279 2107; x_wconf 91' lang='lat' dir='ltr'><strong>sed</strong></span> <span class='ocrx_word' id='word_1_101' title='bbox 295 2043 393 2108; x_wconf 84' lang='lat' dir='ltr'><strong>mitte</strong></span> <span class='ocrx_word' id='word_1_102' title='bbox 408 2042 612 2124; x_wconf 88' lang='lat' dir='ltr'><strong>promissum</strong></span> <span class='ocrx_word' id='word_1_103' title='bbox 637 2040 754 2105; x_wconf 87' lang='lat' dir='ltr'><strong>Patris</strong></span> <span class='ocrx_word' id='word_1_104' title='bbox 781 2043 816 2105; x_wconf 91' lang='lat' dir='ltr'><strong>in</strong></span> <span class='ocrx_word' id='word_1_105' title='bbox 842 2059 906 2104; x_wconf 88' lang='lat' dir='ltr'><strong>nos</strong></span> <span class='ocrx_word' id='word_1_106' title='bbox 931 2040 1096 2122; x_wconf 88' lang='lat' dir='ltr'><strong>Spiritum</strong></span> <span class='ocrx_word' id='word_1_107' title='bbox 1112 2058 1171 2103; x_wconf 88' lang='lat' dir='ltr'><strong>ve-</strong></span> 
     </span>
     <span class='ocr_line' id='line_1_17' title="bbox 218 2134 1173 2222; baseline -0.005 -15"><span class='ocrx_word' id='word_1_108' title='bbox 218 2143 332 2207; x_wconf 88' lang='lat' dir='ltr'><strong>ritatis</strong></span> <span class='ocrx_word' id='word_1_109' title='bbox 345 2143 366 2206; x_wconf 90' lang='lat'><strong>:’</strong></span> <span class='ocrx_word' id='word_1_110' title='bbox 393 2141 458 2206; x_wconf 92' lang='lat' dir='ltr'><strong>hac</strong></span> <span class='ocrx_word' id='word_1_111' title='bbox 481 2143 636 2205; x_wconf 89' lang='lat' dir='ltr'><strong>oratione</strong></span> <span class='ocrx_word' id='word_1_112' title='bbox 659 2141 757 2205; x_wconf 88' lang='lat' dir='ltr'><strong>finita</strong></span> <span class='ocrx_word' id='word_1_113' title='bbox 783 2134 997 2222; x_wconf 89' lang='lat' dir='ltr'><strong>¹supremum</strong></span> <span class='ocrx_word' id='word_1_114' title='bbox 1021 2139 1173 2217; x_wconf 91' lang='lat' dir='ltr'><strong>efflavit;</strong></span> 
     </span>
     <span class='ocr_line' id='line_1_18' title="bbox 220 2233 1173 2324; baseline -0.004 -18"><span class='ocrx_word' id='word_1_115' title='bbox 220 2245 451 2324; x_wconf 87' lang='lat' dir='ltr'><strong>subsequente</strong></span> <span class='ocrx_word' id='word_1_116' title='bbox 478 2250 513 2305; x_wconf 93' lang='lat' dir='ltr'><strong>et</strong></span> <span class='ocrx_word' id='word_1_117' title='bbox 536 2242 689 2305; x_wconf 90' lang='lat' dir='ltr'><strong>omnium</strong></span> <span class='ocrx_word' id='word_1_118' title='bbox 713 2241 852 2305; x_wconf 85' lang='lat' dir='ltr'><strong>naribus</strong></span> <span class='ocrx_word' id='word_1_119' title='bbox 875 2233 1041 2322; x_wconf 82' lang='lat' dir='ltr'><strong>²expletis</strong></span> <span class='ocrx_word' id='word_1_120' title='bbox 1057 2239 1173 2315; x_wconf 89' lang='lat' dir='ltr'><strong>odore,</strong></span> 
     </span>
     <span class='ocr_line' id='line_1_19' title="bbox 220 2336 1174 2426; baseline -0.005 -20"><span class='ocrx_word' id='word_1_121' title='bbox 220 2343 356 2426; x_wconf 91' lang='lat' dir='ltr'><strong>qualem</strong></span> <span class='ocrx_word' id='word_1_122' title='bbox 391 2361 454 2405; x_wconf 93' lang='lat' dir='ltr'><strong>nec</strong></span> <span class='ocrx_word' id='word_1_123' title='bbox 477 2343 638 2405; x_wconf 88' lang='lat' dir='ltr'><strong>cinnama</strong></span> <span class='ocrx_word' id='word_1_124' title='bbox 665 2360 728 2405; x_wconf 89' lang='lat' dir='ltr'><strong>nec</strong></span> <span class='ocrx_word' id='word_1_125' title='bbox 753 2341 909 2405; x_wconf 89' lang='lat' dir='ltr'><strong>balsama</strong></span> <span class='ocrx_word' id='word_1_126' title='bbox 936 2341 1082 2422; x_wconf 87' lang='lat' dir='ltr'><strong>spirant,</strong></span> <span class='ocrx_word' id='word_1_127' title='bbox 1114 2336 1174 2402; x_wconf 88' lang='lat' dir='ltr'><strong>sed</strong></span> 
     </span>
     <span class='ocr_line' id='line_1_20' title="bbox 220 2440 1174 2526; baseline -0.004 -20"><span class='ocrx_word' id='word_1_128' title='bbox 220 2442 448 2526; x_wconf 85' lang='lat' dir='ltr'><strong>paradisiaco,</strong></span> <span class='ocrx_word' id='word_1_129' title='bbox 470 2448 506 2506; x_wconf 93' lang='lat' dir='ltr'><strong>et</strong></span> <span class='ocrx_word' id='word_1_130' title='bbox 526 2461 628 2524; x_wconf 91' lang='lat' dir='ltr'><strong>quem</strong></span> <span class='ocrx_word' id='word_1_131' title='bbox 647 2441 797 2504; x_wconf 91' lang='lat' dir='ltr'><strong>vernalis</strong></span> <span class='ocrx_word' id='word_1_132' title='bbox 812 2441 1006 2521; x_wconf 90' lang='lat' dir='ltr'><strong>ubicunque</strong></span> <span class='ocrx_word' id='word_1_133' title='bbox 1021 2440 1174 2503; x_wconf 89' lang='lat' dir='ltr'><strong>locorum</strong></span> 
     </span>
     <span class='ocr_line' id='line_1_21' title="bbox 221 2539 1174 2607; baseline -0.005 -1"><span class='ocrx_word' id='word_1_134' title='bbox 221 2543 339 2607; x_wconf 87' lang='lat' dir='ltr'><strong>exalat</strong></span> <span class='ocrx_word' id='word_1_135' title='bbox 357 2541 491 2605; x_wconf 88' lang='lat' dir='ltr'><strong>laetitia.</strong></span> <span class='ocrx_word' id='word_1_136' title='bbox 541 2541 719 2604; x_wconf 90' lang='lat' dir='ltr'><strong>Humatus</strong></span> <span class='ocrx_word' id='word_1_137' title='bbox 743 2547 797 2604; x_wconf 91' lang='lat' dir='ltr'><strong>est</strong></span> <span class='ocrx_word' id='word_1_138' title='bbox 812 2549 895 2605; x_wconf 90' lang='lat' dir='ltr'><strong>tunc</strong></span> <span class='ocrx_word' id='word_1_139' title='bbox 917 2540 953 2602; x_wconf 89' lang='lat' dir='ltr'><strong>in</strong></span> <span class='ocrx_word' id='word_1_140' title='bbox 968 2539 1088 2603; x_wconf 85' lang='lat' dir='ltr'><strong>eodem</strong></span> <span class='ocrx_word' id='word_1_141' title='bbox 1102 2558 1174 2602; x_wconf 91' lang='lat' dir='ltr'><strong>mo-</strong></span> 
     </span>
     <span class='ocr_line' id='line_1_22' title="bbox 222 2635 1177 2720; baseline -0.005 -15"><span class='ocrx_word' id='word_1_142' title='bbox 222 2643 386 2720; x_wconf 89' lang='lat' dir='ltr'><strong>nasteri0,</strong></span> <span class='ocrx_word' id='word_1_143' title='bbox 411 2635 489 2704; x_wconf 79' lang='lat' dir='ltr'><strong>³sed</strong></span> <span class='ocrx_word' id='word_1_144' title='bbox 517 2641 619 2704; x_wconf 92' lang='lat' dir='ltr'><strong>modo</strong></span> <span class='ocrx_word' id='word_1_145' title='bbox 647 2660 724 2703; x_wconf 91' lang='lat' dir='ltr'><strong>cum</strong></span> <span class='ocrx_word' id='word_1_146' title='bbox 751 2642 853 2704; x_wconf 90' lang='lat' dir='ltr'><strong>beato</strong></span> <span class='ocrx_word' id='word_1_147' title='bbox 881 2639 1073 2704; x_wconf 87' lang='lat' dir='ltr'><strong>Cuthberto</strong></span> <span class='ocrx_word' id='word_1_148' title='bbox 1102 2639 1177 2702; x_wconf 90' lang='lat' dir='ltr'><strong>Du-</strong></span> 
     </span>
     <span class='ocr_line' id='line_1_23' title="bbox 224 2739 762 2806; baseline -0.004 0"><span class='ocrx_word' id='word_1_149' title='bbox 224 2743 327 2806; x_wconf 90' lang='lat' dir='ltr'><strong>nelmi</strong></span> <span class='ocrx_word' id='word_1_150' title='bbox 341 2743 445 2806; x_wconf 91' lang='lat' dir='ltr'><strong>situm</strong></span> <span class='ocrx_word' id='word_1_151' title='bbox 460 2739 553 2804; x_wconf 85' lang='lat' dir='ltr'><strong>fama</strong></span> <span class='ocrx_word' id='word_1_152' title='bbox 566 2739 762 2804; x_wconf 89' lang='lat' dir='ltr'><strong>confirmat.</strong></span> 
     </span>
    </p>

    <p class='ocr_par' dir='ltr' id='par_1_3' title="bbox 224 2836 1183 3723">
     <span class='ocr_line' id='line_1_24' title="bbox 276 2836 1178 2924; baseline -0.007 -18"><span class='ocrx_word' id='word_1_153' title='bbox 276 2842 361 2924; x_wconf 63' lang='lat'><strong>§62</strong></span> <span class='ocrx_word' id='word_1_154' title='bbox 384 2841 529 2923; x_wconf 89' lang='lat' dir='ltr'><strong>Sepulta</strong></span> <span class='ocrx_word' id='word_1_155' title='bbox 544 2848 597 2905; x_wconf 90' lang='lat' dir='ltr'><strong>est</strong></span> <span class='ocrx_word' id='word_1_156' title='bbox 611 2860 689 2904; x_wconf 93' lang='lat' dir='ltr'><strong>cum</strong></span> <span class='ocrx_word' id='word_1_157' title='bbox 704 2861 745 2904; x_wconf 92' lang='lat' dir='ltr'><strong>eo</strong></span> <span class='ocrx_word' id='word_1_158' title='bbox 761 2845 936 2922; x_wconf 84' lang='lat' dir='ltr'><strong>gestorum</strong></span> <span class='ocrx_word' id='word_1_159' title='bbox 953 2836 1064 2902; x_wconf 89' lang='lat' dir='ltr'><strong>omnis</strong></span> <span class='ocrx_word' id='word_1_160' title='bbox 1090 2856 1178 2919; x_wconf 92' lang='lat' dir='ltr'><strong>pene</strong></span> 
     </span>
     <span class='ocr_line' id='line_1_25' title="bbox 225 2937 1178 3024; baseline -0.007 -18"><span class='ocrx_word' id='word_1_161' title='bbox 225 2943 349 3006; x_wconf 91' lang='lat' dir='ltr'><strong>notitia</strong></span> <span class='ocrx_word' id='word_1_162' title='bbox 373 2960 482 3024; x_wconf 89' lang='lat' dir='ltr'><strong>usque</strong></span> <span class='ocrx_word' id='word_1_163' title='bbox 507 2941 551 3004; x_wconf 89' lang='lat' dir='ltr'><strong>ad</strong></span> <span class='ocrx_word' id='word_1_164' title='bbox 574 2947 695 3004; x_wconf 90' lang='lat' dir='ltr'><strong>nostra</strong></span> <span class='ocrx_word' id='word_1_165' title='bbox 717 2948 884 3023; x_wconf 90' lang='lat' dir='ltr'><strong>tempora.</strong></span> <span class='ocrx_word' id='word_1_166' title='bbox 938 2938 1036 3003; x_wconf 89' lang='lat' dir='ltr'><strong>Adeo</strong></span> <span class='ocrx_word' id='word_1_167' title='bbox 1061 2937 1178 3000; x_wconf 87' lang='lat' dir='ltr'><strong>nullus</strong></span> 
     </span>
     <span class='ocr_line' id='line_1_26' title="bbox 226 3038 1178 3124; baseline -0.007 -18"><span class='ocrx_word' id='word_1_168' title='bbox 226 3040 421 3124; x_wconf 84' lang='lat' dir='ltr'><strong>Anglorum</strong></span> <span class='ocrx_word' id='word_1_169' title='bbox 442 3040 632 3105; x_wconf 88' lang='lat' dir='ltr'><strong>studiorum</strong></span> <span class='ocrx_word' id='word_1_170' title='bbox 655 3040 730 3124; x_wconf 88' lang='lat' dir='ltr'><strong>ejus</strong></span> <span class='ocrx_word' id='word_1_171' title='bbox 754 3041 910 3117; x_wconf 85' lang='lat' dir='ltr'><strong>aemulus,</strong></span> <span class='ocrx_word' id='word_1_172' title='bbox 935 3039 1051 3102; x_wconf 92' lang='lat' dir='ltr'><strong>nullus</strong></span> <span class='ocrx_word' id='word_1_173' title='bbox 1074 3038 1178 3120; x_wconf 84' lang='lat' dir='ltr'><strong>glori-</strong></span> 
     </span>
     <span class='ocr_line' id='line_1_27' title="bbox 224 3138 1179 3224; baseline -0.007 -18"><span class='ocrx_word' id='word_1_174' title='bbox 224 3161 323 3206; x_wconf 89' lang='lat' dir='ltr'><strong>arum</strong></span> <span class='ocrx_word' id='word_1_175' title='bbox 337 3141 413 3224; x_wconf 89' lang='lat' dir='ltr'><strong>ejus</strong></span> <span class='ocrx_word' id='word_1_176' title='bbox 424 3159 557 3222; x_wconf 86' lang='lat' dir='ltr'><strong>sequax</strong></span> <span class='ocrx_word' id='word_1_177' title='bbox 572 3140 650 3218; x_wconf 90' lang='lat' dir='ltr'><strong>fuit,</strong></span> <span class='ocrx_word' id='word_1_178' title='bbox 666 3141 726 3222; x_wconf 90' lang='lat' dir='ltr'><strong>qui</strong></span> <span class='ocrx_word' id='word_1_179' title='bbox 738 3141 874 3204; x_wconf 88' lang='lat' dir='ltr'><strong>omissae</strong></span> <span class='ocrx_word' id='word_1_180' title='bbox 889 3147 1037 3206; x_wconf 83' lang='lat' dir='ltr'><strong>monetae</strong></span> <span class='ocrx_word' id='word_1_181' title='bbox 1053 3138 1179 3201; x_wconf 90' lang='lat' dir='ltr'><strong>lineam</strong></span> 
     </span>
     <span class='ocr_line' id='line_1_28' title="bbox 225 3236 1180 3324; baseline -0.007 -18"><span class='ocrx_word' id='word_1_182' title='bbox 225 3249 509 3324; x_wconf 84' lang='lat' dir='ltr'><strong>persequeretur:</strong></span> <span class='ocrx_word' id='word_1_183' title='bbox 534 3241 635 3324; x_wconf 83' lang='lat' dir='ltr'><strong>pauci</strong></span> <span class='ocrx_word' id='word_1_184' title='bbox 658 3260 745 3323; x_wconf 88' lang='lat' dir='ltr'><strong>quos</strong></span> <span class='ocrx_word' id='word_1_185' title='bbox 768 3259 888 3323; x_wconf 84' lang='lat' dir='ltr'><strong>aequus</strong></span> <span class='ocrx_word' id='word_1_186' title='bbox 911 3241 1042 3304; x_wconf 88' lang='lat' dir='ltr'><strong>amavit</strong></span> <span class='ocrx_word' id='word_1_187' title='bbox 1062 3236 1086 3301; x_wconf 84' lang='lat' dir='ltr'><strong>J</strong></span> <span class='ocrx_word' id='word_1_188' title='bbox 1089 3256 1180 3313; x_wconf 77' lang='lat' dir='ltr'><strong>esne,</strong></span> 
     </span>
     <span class='ocr_line' id='line_1_29' title="bbox 226 3337 1181 3425; baseline -0.005 -21"><span class='ocrx_word' id='word_1_189' title='bbox 226 3341 385 3425; x_wconf 90' lang='lat' dir='ltr'><strong>quamvis</strong></span> <span class='ocrx_word' id='word_1_190' title='bbox 413 3341 522 3412; x_wconf 89' lang='lat' dir='ltr'><strong>literis</strong></span> <span class='ocrx_word' id='word_1_191' title='bbox 552 3361 621 3404; x_wconf 91' lang='lat' dir='ltr'><strong>non</strong></span> <span class='ocrx_word' id='word_1_192' title='bbox 650 3341 849 3422; x_wconf 82' lang='lat' dir='ltr'><strong>ignobiliter</strong></span> <span class='ocrx_word' id='word_1_193' title='bbox 884 3337 1071 3413; x_wconf 87' lang='lat' dir='ltr'><strong>informati,</strong></span> <span class='ocrx_word' id='word_1_194' title='bbox 1106 3344 1181 3401; x_wconf 88' lang='lat' dir='ltr'><strong>tota</strong></span> 
     </span>
     <span class='ocr_line' id='line_1_30' title="bbox 226 3436 1181 3524; baseline -0.008 -18"><span class='ocrx_word' id='word_1_195' title='bbox 226 3443 300 3507; x_wconf 83' lang='lat' dir='ltr'><strong>vita</strong></span> <span class='ocrx_word' id='word_1_196' title='bbox 313 3442 488 3522; x_wconf 82' lang='lat' dir='ltr'><strong>ingratum</strong></span> <span class='ocrx_word' id='word_1_197' title='bbox 509 3449 797 3524; x_wconf 89' lang='lat' dir='ltr'><strong>consumpserunt</strong></span> <span class='ocrx_word' id='word_1_198' title='bbox 812 3439 987 3504; x_wconf 89' lang='lat' dir='ltr'><strong>silentium</strong></span> <span class='ocrx_word' id='word_1_199' title='bbox 1000 3459 1008 3518; x_wconf 91' lang='lat'>;</span> <span class='ocrx_word' id='word_1_200' title='bbox 1032 3436 1103 3513; x_wconf 89' lang='lat' dir='ltr'><strong>alii,</strong></span> <span class='ocrx_word' id='word_1_201' title='bbox 1120 3436 1181 3500; x_wconf 84' lang='lat' dir='ltr'><strong>vix</strong></span> 
     </span>
     <span class='ocr_line' id='line_1_31' title="bbox 228 3534 1183 3626; baseline -0.008 -21"><span class='ocrx_word' id='word_1_202' title='bbox 228 3534 479 3626; x_wconf 80' lang='lat' dir='ltr'><strong>primis⁴labris</strong></span> <span class='ocrx_word' id='word_1_203' title='bbox 490 3541 568 3604; x_wconf 87' lang='lat' dir='ltr'><strong>illas</strong></span> <span class='ocrx_word' id='word_1_204' title='bbox 579 3548 771 3623; x_wconf 60' lang='lat' dir='ltr'><strong>gustantes</strong></span> <span class='ocrx_word' id='word_1_205' title='bbox 780 3541 946 3620; x_wconf 81' lang='lat' dir='ltr'><strong>ignavum</strong></span> <span class='ocrx_word' id='word_1_206' title='bbox 955 3537 1183 3602; x_wconf 84' lang='lat' dir='ltr'><strong>conseverunt</strong></span> 
     </span>
     <span class='ocr_line' id='line_1_32' title="bbox 229 3635 1183 3723; baseline -0.01 -16"><span class='ocrx_word' id='word_1_207' title='bbox 229 3643 349 3707; x_wconf 89' lang='lat' dir='ltr'><strong>otium.</strong></span> <span class='ocrx_word' id='word_1_208' title='bbox 402 3641 460 3705; x_wconf 92' lang='lat' dir='ltr'><strong>Ita</strong></span> <span class='ocrx_word' id='word_1_209' title='bbox 475 3661 553 3704; x_wconf 92' lang='lat' dir='ltr'><strong>cum</strong></span> <span class='ocrx_word' id='word_1_210' title='bbox 567 3659 703 3723; x_wconf 87' lang='lat' dir='ltr'><strong>semper</strong></span> <span class='ocrx_word' id='word_1_211' title='bbox 718 3641 816 3723; x_wconf 82' lang='lat' dir='ltr'><strong>pigro</strong></span> <span class='ocrx_word' id='word_1_212' title='bbox 829 3638 1027 3702; x_wconf 84' lang='lat' dir='ltr'><strong>succederet</strong></span> <span class='ocrx_word' id='word_1_213' title='bbox 1042 3635 1183 3719; x_wconf 79' lang='lat' dir='ltr'><strong>pigrior,</strong></span> 
     </span>
    </p>
   </div>
   <div class='ocr_carea' id='block_1_3' title="bbox 229 3815 1190 4442">
    <p class='ocr_par' dir='ltr' id='par_1_4' title="bbox 229 3815 1187 4296">
     <span class='ocr_line' id='line_1_33' title="bbox 265 3815 1185 3884; baseline -0.003 -17"><span class='ocrx_word' id='word_1_214' title='bbox 265 3816 272 3847; x_wconf 91' lang='lat'><strong>¹</strong></span> <span class='ocrx_word' id='word_1_215' title='bbox 285 3819 430 3882; x_wconf 64' lang='lat' dir='ltr'><strong>Supremam</strong></span> <span class='ocrx_word' id='word_1_216' title='bbox 448 3817 560 3884; x_wconf 72' lang='lat' dir='ltr'><strong>efflavit]</strong></span> <span class='ocrx_word' id='word_1_217' title='bbox 578 3818 602 3866; x_wconf 90' lang='lat' dir='ltr'>A</span> <span class='ocrx_word' id='word_1_218' title='bbox 620 3818 694 3866; x_wconf 89' lang='lat' dir='ltr'><strong>letter</strong></span> <span class='ocrx_word' id='word_1_219' title='bbox 757 3815 917 3867; x_wconf 79' lang='lat' dir='ltr'><strong>⁸Sedmodo.</strong></span> <span class='ocrx_word' id='word_1_220' title='bbox 928 3817 1027 3876; x_wconf 76' lang='lat' dir='ltr'><strong>..sunta</strong></span> <span class='ocrx_word' id='word_1_221' title='bbox 1037 3815 1185 3882; x_wconf 73' lang='lat' dir='ltr'><strong>confirmat]</strong></span> 
     </span>
     <span class='ocr_line' id='line_1_34' title="bbox 229 3883 1187 3949; baseline -0.005 -11"><span class='ocrx_word' id='word_1_222' title='bbox 229 3889 383 3949; x_wconf 85' lang='lat' dir='ltr'><strong>descriptiva</strong></span> <span class='ocrx_word' id='word_1_223' title='bbox 400 3888 429 3936; x_wconf 83' lang='lat' dir='ltr'><strong>ol</strong></span> <span class='ocrx_word' id='word_1_224' title='bbox 445 3889 487 3936; x_wconf 87' lang='lat' dir='ltr'><strong>the</strong></span> <span class='ocrx_word' id='word_1_225' title='bbox 505 3888 555 3937; x_wconf 85' lang='lat' dir='ltr'><strong>last</strong></span> <span class='ocrx_word' id='word_1_226' title='bbox 572 3892 693 3936; x_wconf 86' lang='lat' dir='ltr'><strong>moments</strong></span> <span class='ocrx_word' id='word_1_227' title='bbox 721 3887 831 3949; x_wconf 83' lang='lat' dir='ltr'><strong>Aelfrid,</strong></span> <span class='ocrx_word' id='word_1_228' title='bbox 847 3903 863 3936; x_wconf 92' lang='lat' dir='ltr'><strong>a</strong></span> <span class='ocrx_word' id='word_1_229' title='bbox 879 3887 967 3949; x_wconf 87' lang='lat' dir='ltr'><strong>priest,</strong></span> <span class='ocrx_word' id='word_1_230' title='bbox 985 3888 1007 3935; x_wconf 85' lang='lat' dir='ltr'><strong>is</strong></span> <span class='ocrx_word' id='word_1_231' title='bbox 1025 3883 1142 3948; x_wconf 83' lang='lat' dir='ltr'><strong>reported</strong></span> <span class='ocrx_word' id='word_1_232' title='bbox 1159 3891 1187 3934; x_wconf 95' lang='lat' dir='ltr'><strong>to</strong></span> 
     </span>
     <span class='ocr_line' id='line_1_35' title="bbox 229 3955 1185 4018; baseline -0.006 -10"><span class='ocrx_word' id='word_1_233' title='bbox 229 3961 259 4009; x_wconf 83' lang='lat' dir='ltr'><strong>of</strong></span> <span class='ocrx_word' id='word_1_234' title='bbox 275 3959 357 4016; x_wconf 88' lang='lat' dir='ltr'><strong>Beda,</strong></span> <span class='ocrx_word' id='word_1_235' title='bbox 375 3959 476 4006; x_wconf 83' lang='lat' dir='ltr'><strong>written</strong></span> <span class='ocrx_word' id='word_1_236' title='bbox 492 3959 527 4018; x_wconf 84' lang='lat' dir='ltr'><strong>by</strong></span> <span class='ocrx_word' id='word_1_237' title='bbox 544 3973 590 4006; x_wconf 91' lang='lat' dir='ltr'><strong>one</strong></span> <span class='ocrx_word' id='word_1_238' title='bbox 609 3958 639 4006; x_wconf 85' lang='lat' dir='ltr'><strong>ol</strong></span> <span class='ocrx_word' id='word_1_239' title='bbox 654 3958 694 4006; x_wconf 88' lang='lat' dir='ltr'><strong>his</strong></span> <span class='ocrx_word' id='word_1_240' title='bbox 721 3958 785 4006; x_wconf 88' lang='lat' dir='ltr'><strong>have</strong></span> <span class='ocrx_word' id='word_1_241' title='bbox 804 3959 884 4007; x_wconf 85' lang='lat' dir='ltr'><strong>stolen</strong></span> <span class='ocrx_word' id='word_1_242' title='bbox 907 3957 1001 4006; x_wconf 83' lang='lat' dir='ltr'><strong>Beda&#39;s</strong></span> <span class='ocrx_word' id='word_1_243' title='bbox 1022 3958 1101 4004; x_wconf 84' lang='lat' dir='ltr'><strong>bones</strong></span> <span class='ocrx_word' id='word_1_244' title='bbox 1122 3955 1185 4002; x_wconf 85' lang='lat' dir='ltr'><strong>from</strong></span> 
     </span>
     <span class='ocr_line' id='line_1_36' title="bbox 229 4025 1186 4092; baseline -0.006 -14"><span class='ocrx_word' id='word_1_245' title='bbox 229 4029 316 4092; x_wconf 85' lang='lat' dir='ltr'><strong>pupils</strong></span> <span class='ocrx_word' id='word_1_246' title='bbox 333 4034 435 4088; x_wconf 87' lang='lat' dir='ltr'><strong>present</strong></span> <span class='ocrx_word' id='word_1_247' title='bbox 451 4032 477 4076; x_wconf 87' lang='lat' dir='ltr'><strong>at</strong></span> <span class='ocrx_word' id='word_1_248' title='bbox 493 4028 535 4076; x_wconf 91' lang='lat' dir='ltr'><strong>the</strong></span> <span class='ocrx_word' id='word_1_249' title='bbox 552 4027 695 4076; x_wconf 84' lang='lat' dir='ltr'><strong>historian’s</strong></span> <span class='ocrx_word' id='word_1_250' title='bbox 722 4029 832 4088; x_wconf 81' lang='lat' dir='ltr'><strong>Jarrovr,</strong></span> <span class='ocrx_word' id='word_1_251' title='bbox 851 4027 901 4075; x_wconf 87' lang='lat' dir='ltr'><strong>and</strong></span> <span class='ocrx_word' id='word_1_252' title='bbox 919 4025 1051 4087; x_wconf 86' lang='lat' dir='ltr'><strong>deposited</strong></span> <span class='ocrx_word' id='word_1_253' title='bbox 1069 4025 1137 4072; x_wconf 88' lang='lat' dir='ltr'><strong>them</strong></span> <span class='ocrx_word' id='word_1_254' title='bbox 1159 4025 1186 4072; x_wconf 90' lang='lat' dir='ltr'><strong>in</strong></span> 
     </span>
     <span class='ocr_line' id='line_1_37' title="bbox 231 4094 1187 4159; baseline -0.008 -10"><span class='ocrx_word' id='word_1_255' title='bbox 231 4099 318 4158; x_wconf 85' lang='lat' dir='ltr'><strong>death,</strong></span> <span class='ocrx_word' id='word_1_256' title='bbox 336 4099 359 4146; x_wconf 82' lang='lat' dir='ltr'><strong>is</strong></span> <span class='ocrx_word' id='word_1_257' title='bbox 375 4097 476 4159; x_wconf 86' lang='lat' dir='ltr'><strong>printed</strong></span> <span class='ocrx_word' id='word_1_258' title='bbox 492 4097 518 4145; x_wconf 94' lang='lat' dir='ltr'><strong>in</strong></span> <span class='ocrx_word' id='word_1_259' title='bbox 531 4097 581 4146; x_wconf 87' lang='lat' dir='ltr'><strong>Mr.</strong></span> <span class='ocrx_word' id='word_1_260' title='bbox 594 4098 696 4146; x_wconf 82' lang='lat' dir='ltr'><strong>steven·</strong></span> <span class='ocrx_word' id='word_1_261' title='bbox 722 4098 764 4146; x_wconf 91' lang='lat' dir='ltr'><strong>the</strong></span> <span class='ocrx_word' id='word_1_262' title='bbox 776 4096 905 4146; x_wconf 84' lang='lat' dir='ltr'><strong>cathedral</strong></span> <span class='ocrx_word' id='word_1_263' title='bbox 916 4095 1011 4144; x_wconf 87' lang='lat' dir='ltr'><strong>church</strong></span> <span class='ocrx_word' id='word_1_264' title='bbox 1022 4094 1051 4143; x_wconf 84' lang='lat' dir='ltr'><strong>of</strong></span> <span class='ocrx_word' id='word_1_265' title='bbox 1062 4094 1187 4156; x_wconf 87' lang='lat' dir='ltr'><strong>Durham,</strong></span> 
     </span>
     <span class='ocr_line' id='line_1_38' title="bbox 230 4164 1187 4228; baseline -0.007 -8"><span class='ocrx_word' id='word_1_266' title='bbox 230 4170 298 4220; x_wconf 80' lang='lat' dir='ltr'><strong>son&#39;s</strong></span> <span class='ocrx_word' id='word_1_267' title='bbox 309 4167 483 4216; x_wconf 89' lang='lat' dir='ltr'><strong>Introduction</strong></span> <span class='ocrx_word' id='word_1_268' title='bbox 498 4172 524 4216; x_wconf 87' lang='lat' dir='ltr'><strong>to</strong></span> <span class='ocrx_word' id='word_1_269' title='bbox 537 4167 618 4228; x_wconf 87' lang='lat' dir='ltr'><strong>Beda,</strong></span> <span class='ocrx_word' id='word_1_270' title='bbox 636 4168 697 4216; x_wconf 86' lang='lat' dir='ltr'><strong>His·</strong></span> <span class='ocrx_word' id='word_1_271' title='bbox 723 4169 749 4216; x_wconf 91' lang='lat' dir='ltr'><strong>in</strong></span> <span class='ocrx_word' id='word_1_272' title='bbox 760 4165 802 4214; x_wconf 91' lang='lat' dir='ltr'><strong>the</strong></span> <span class='ocrx_word' id='word_1_273' title='bbox 815 4167 886 4227; x_wconf 87' lang='lat' dir='ltr'><strong>early</strong></span> <span class='ocrx_word' id='word_1_274' title='bbox 897 4170 954 4226; x_wconf 88' lang='lat' dir='ltr'><strong>part</strong></span> <span class='ocrx_word' id='word_1_275' title='bbox 969 4165 998 4213; x_wconf 81' lang='lat' dir='ltr'><strong>ol</strong></span> <span class='ocrx_word' id='word_1_276' title='bbox 1011 4165 1053 4214; x_wconf 84' lang='lat' dir='ltr'><strong>the</strong></span> <span class='ocrx_word' id='word_1_277' title='bbox 1072 4164 1187 4214; x_wconf 90' lang='lat' dir='ltr'><strong>eleveuth</strong></span> 
     </span>
     <span class='ocr_line' id='line_1_39' title="bbox 231 4239 838 4296; baseline -0.01 -7"><span class='ocrx_word' id='word_1_278' title='bbox 231 4240 297 4289; x_wconf 84' lang='lat' dir='ltr'><strong>toria</strong></span> <span class='ocrx_word' id='word_1_279' title='bbox 309 4239 498 4286; x_wconf 85' lang='lat' dir='ltr'><strong>Ecclesiastica.</strong></span> <span class='ocrx_word' id='word_1_280' title='bbox 723 4240 838 4296; x_wconf 79' lang='lat' dir='ltr'><strong>century.</strong></span> 
     </span>
    </p>

    <p class='ocr_par' dir='ltr' id='par_1_5' title="bbox 234 4300 1190 4442">
     <span class='ocr_line' id='line_1_40' title="bbox 269 4300 1190 4374; baseline -0.001 -19"><span class='ocrx_word' id='word_1_281' title='bbox 269 4301 429 4373; x_wconf 64' lang='lat' dir='ltr'><strong>²Baptana]</strong></span> <span class='ocrx_word' id='word_1_282' title='bbox 466 4308 500 4356; x_wconf 91' lang='lat' dir='ltr'><strong>D.</strong></span> <span class='ocrx_word' id='word_1_283' title='bbox 519 4308 550 4354; x_wconf 86' lang='grc' dir='ltr'><strong>Ε.</strong></span> <span class='ocrx_word' id='word_1_284' title='bbox 572 4305 625 4366; x_wconf 87' lang='grc' dir='ltr'><strong>Μ.;</strong></span> <span class='ocrx_word' id='word_1_285' title='bbox 654 4323 699 4368; x_wconf 81' lang='lat' dir='ltr'><strong>op·</strong></span> <span class='ocrx_word' id='word_1_286' title='bbox 760 4300 895 4374; x_wconf 76' lang='lat' dir='ltr'><strong>⁴Lubris.]</strong></span> <span class='ocrx_word' id='word_1_287' title='bbox 914 4306 947 4355; x_wconf 79' lang='lat' dir='ltr'><strong>A.</strong></span> <span class='ocrx_word' id='word_1_288' title='bbox 961 4306 989 4354; x_wconf 82' lang='lat' dir='ltr'><strong>S.</strong></span> <span class='ocrx_word' id='word_1_289' title='bbox 1004 4305 1190 4367; x_wconf 81' lang='lat' dir='ltr'><strong>C.L.;libris,</strong></span> 
     </span>
     <span class='ocr_line' id='line_1_41' title="bbox 234 4377 856 4442; baseline -0.005 -15"><span class='ocrx_word' id='word_1_290' title='bbox 234 4377 495 4442; x_wconf 41' lang='lat' dir='ltr'><strong>&amp;madan</strong></span> <span class='ocrx_word' id='word_1_291' title='bbox 727 4377 856 4425; x_wconf 63' lang='lat' dir='ltr'><strong>REM</strong></span> 
     </span>
    </p>
   </div>
   <div class='ocr_carea' id='block_1_4' title="bbox 0 0 1632 5060">
    <p class='ocr_par' dir='ltr' id='par_1_6' title="bbox 0 0 1632 5060">
     <span class='ocr_line' id='line_1_42' title="bbox 0 0 1632 5060; baseline 0 0"><span class='ocrx_word' id='word_1_292' title='bbox 0 0 1632 5060; x_wconf 95' lang='lat' dir='ltr'><strong> </strong></span> 
     </span>
    </p>
   </div>
  </div>
 </body>
</html>
