<?xml version="1.0" encoding="UTF-8"?>
<!DOCTYPE html PUBLIC "-//W3C//DTD XHTML 1.0 Transitional//EN"
    "http://www.w3.org/TR/xhtml1/DTD/xhtml1-transitional.dtd">
<html xmlns="http://www.w3.org/1999/xhtml" xml:lang="en" lang="en">
 <head>
  <title>
</title>
<meta http-equiv="Content-Type" content="text/html;charset=utf-8" />
  <meta name='ocr-system' content='tesseract 3.04.00' />
  <meta name='ocr-capabilities' content='ocr_page ocr_carea ocr_par ocr_line ocrx_word'/>
</head>
<body>
  <div class='ocr_page' id='page_1' title='image "./willelmimalmesb01hardgoog_0235.png"; bbox 0 0 3180 5048; ppageno 0'>
   <div class='ocr_carea' id='block_1_1' title="bbox 222 463 1174 554">
    <p class='ocr_par' dir='ltr' id='par_1_1' title="bbox 222 463 1174 554">
     <span class='ocr_line' id='line_1_1' title="bbox 222 463 1174 554; baseline -0.004 -18"><span class='ocrx_word' id='word_1_1' title='bbox 222 473 365 554; x_wconf 72' lang='lat' dir='ltr'>nram]</span> <span class='ocrx_word' id='word_1_2' title='bbox 450 487 564 536; x_wconf 75' lang='lat' dir='ltr'>cnsrn</span> <span class='ocrx_word' id='word_1_3' title='bbox 586 485 714 535; x_wconf 82' lang='lat' dir='ltr'>nnouu</span> <span class='ocrx_word' id='word_1_4' title='bbox 739 480 951 533; x_wconf 69' lang='lat' dir='ltr'>suetonum.</span> <span class='ocrx_word' id='word_1_5' title='bbox 1109 463 1174 534; x_wconf 79' lang='lat'>&#39;221</span> 
     </span>
    </p>
   </div>
   <div class='ocr_carea' id='block_1_2' title="bbox 224 639 1182 2810">
    <p class='ocr_par' dir='ltr' id='par_1_2' title="bbox 224 639 1176 1917">
     <span class='ocr_line' id='line_1_2' title="bbox 224 639 1174 725; baseline -0.002 -15"><span class='ocrx_word' id='word_1_6' title='bbox 224 654 313 712; x_wconf 87' lang='lat' dir='ltr'>tram</span> <span class='ocrx_word' id='word_1_7' title='bbox 331 643 507 710; x_wconf 84' lang='lat' dir='ltr'>licentiam</span> <span class='ocrx_word' id='word_1_8' title='bbox 530 664 607 708; x_wconf 92' lang='lat' dir='ltr'>cum</span> <span class='ocrx_word' id='word_1_9' title='bbox 630 644 831 725; x_wconf 82' lang='lat' dir='ltr'>corporibus</span> <span class='ocrx_word' id='word_1_10' title='bbox 853 639 1041 724; x_wconf 79' lang='lat' dir='ltr'>pon‘ere&#39;tur</span> <span class='ocrx_word' id='word_1_11' title='bbox 1055 643 1174 708; x_wconf 64' lang='lat' dir='ltr'>Chrisd</span> 
     </span>
     <span class='ocr_line' id='line_1_3' title="bbox 225 742 1173 826; baseline -0.004 -16"><span class='ocrx_word' id='word_1_12' title='bbox 225 748 422 826; x_wconf 86' lang='lat' dir='ltr'>tianorum3</span> <span class='ocrx_word' id='word_1_13' title='bbox 445 763 589 826; x_wconf 89' lang='lat' dir='ltr'>nosque,</span> <span class='ocrx_word' id='word_1_14' title='bbox 608 743 747 806; x_wconf 89' lang='lat' dir='ltr'>illorum</span> <span class='ocrx_word' id='word_1_15' title='bbox 764 742 1006 824; x_wconf 83' lang='lat' dir='ltr'>efflagitationi</span> <span class='ocrx_word' id='word_1_16' title='bbox 1028 761 1173 806; x_wconf 75' lang='lat' dir='ltr'>consen·</span> 
     </span>
     <span class='ocr_line' id='line_1_4' title="bbox 225 843 1175 924; baseline -0.001 -16"><span class='ocrx_word' id='word_1_17' title='bbox 225 847 365 922; x_wconf 89' lang='lat' dir='ltr'>tientes,</span> <span class='ocrx_word' id='word_1_18' title='bbox 384 845 535 909; x_wconf 89' lang='lat' dir='ltr'>Romam</span> <span class='ocrx_word' id='word_1_19' title='bbox 552 843 757 919; x_wconf 70' lang='lat' dir='ltr'>remisimus</span> <span class='ocrx_word' id='word_1_20' title='bbox 776 849 811 904; x_wconf 92' lang='lat' dir='ltr'>et</span> <span class='ocrx_word' id='word_1_21' title='bbox 828 843 1064 906; x_wconf 81' lang='lat' dir='ltr'>consentiente</span> <span class='ocrx_word' id='word_1_22' title='bbox 1080 861 1175 924; x_wconf 85' lang='lat' dir='ltr'>papa</span> 
     </span>
     <span class='ocr_line' id='line_1_5' title="bbox 225 940 1174 1027; baseline -0.005 -18"><span class='ocrx_word' id='word_1_23' title='bbox 225 946 362 1027; x_wconf 90' lang='lat' dir='ltr'>positus</span> <span class='ocrx_word' id='word_1_24' title='bbox 380 951 435 1009; x_wconf 88' lang='lat' dir='ltr'>est</span> <span class='ocrx_word' id='word_1_25' title='bbox 460 943 505 1007; x_wconf 86' lang='lat' dir='ltr'>ad</span> <span class='ocrx_word' id='word_1_26' title='bbox 526 948 671 1007; x_wconf 85' lang='lat' dir='ltr'>caeteros</span> <span class='ocrx_word' id='word_1_27' title='bbox 693 940 922 1017; x_wconf 68' lang='lat' dir='ltr'>Christianos</span> <span class='ocrx_word' id='word_1_28' title='bbox 946 943 1174 1026; x_wconf 59' lang='lat' dir='ltr'>quamvisina</span> 
     </span>
     <span class='ocr_line' id='line_1_6' title="bbox 225 1039 1175 1125; baseline -0.003 -18"><span class='ocrx_word' id='word_1_29' title='bbox 225 1045 364 1125; x_wconf 72' lang='lat' dir='ltr'>dignus,</span> <span class='ocrx_word' id='word_1_30' title='bbox 417 1043 464 1106; x_wconf 87' lang='lat' dir='ltr'>Et</span> <span class='ocrx_word' id='word_1_31' title='bbox 481 1043 531 1106; x_wconf 91' lang='lat' dir='ltr'>sio</span> <span class='ocrx_word' id='word_1_32' title='bbox 550 1041 711 1125; x_wconf 86' lang='lat' dir='ltr'>judicata</span> <span class='ocrx_word' id='word_1_33' title='bbox 731 1047 785 1104; x_wconf 86' lang='lat' dir='ltr'>est</span> <span class='ocrx_word' id='word_1_34' title='bbox 803 1039 888 1102; x_wconf 91' lang='lat' dir='ltr'>mihi</span> <span class='ocrx_word' id='word_1_35' title='bbox 910 1047 986 1104; x_wconf 88' lang='lat' dir='ltr'>tota</span> <span class='ocrx_word' id='word_1_36' title='bbox 999 1042 1175 1122; x_wconf 82' lang='lat' dir='ltr'>possessio</span> 
     </span>
     <span class='ocr_line' id='line_1_7' title="bbox 226 1135 1175 1226; baseline -0.004 -19"><span class='ocrx_word' id='word_1_37' title='bbox 226 1143 302 1226; x_wconf 92' lang='lat' dir='ltr'>ejus</span> <span class='ocrx_word' id='word_1_38' title='bbox 316 1144 353 1206; x_wconf 89' lang='lat' dir='ltr'>in</span> <span class='ocrx_word' id='word_1_39' title='bbox 370 1142 507 1223; x_wconf 80' lang='lat' dir='ltr'>magnis</span> <span class='ocrx_word' id='word_1_40' title='bbox 524 1148 560 1206; x_wconf 90' lang='lat' dir='ltr'>et</span> <span class='ocrx_word' id='word_1_41' title='bbox 576 1139 731 1204; x_wconf 88' lang='lat' dir='ltr'>modicis.</span> <span class='ocrx_word' id='word_1_42' title='bbox 783 1135 851 1202; x_wconf 87' lang='lat' dir='ltr'>Sed</span> <span class='ocrx_word' id='word_1_43' title='bbox 874 1139 1001 1204; x_wconf 84' lang='lat' dir='ltr'>ethaeo</span> <span class='ocrx_word' id='word_1_44' title='bbox 1019 1139 1175 1222; x_wconf 83' lang='lat' dir='ltr'>apicibus</span> 
     </span>
     <span class='ocr_line' id='line_1_8' title="bbox 225 1238 1176 1330; baseline -0.003 -25"><span class='ocrx_word' id='word_1_45' title='bbox 225 1243 404 1306; x_wconf 86' lang='lat' dir='ltr'>literarum</span> <span class='ocrx_word' id='word_1_46' title='bbox 430 1239 714 1330; x_wconf 78' lang='lat' dir='ltr'>praenotavimus,</span> <span class='ocrx_word' id='word_1_47' title='bbox 740 1257 796 1315; x_wconf 90' lang='lat' dir='ltr'>ne,</span> <span class='ocrx_word' id='word_1_48' title='bbox 819 1239 983 1320; x_wconf 84' lang='lat' dir='ltr'>quamdiu</span> <span class='ocrx_word' id='word_1_49' title='bbox 1006 1238 1176 1303; x_wconf 86' lang='lat' dir='ltr'>Christia-</span> 
     </span>
     <span class='ocr_line' id='line_1_9' title="bbox 226 1337 1176 1421; baseline -0.003 -17"><span class='ocrx_word' id='word_1_50' title='bbox 226 1343 318 1404; x_wconf 89' lang='lat' dir='ltr'>nitas</span> <span class='ocrx_word' id='word_1_51' title='bbox 332 1346 467 1421; x_wconf 76' lang='lat' dir='ltr'>regnat,</span> <span class='ocrx_word' id='word_1_52' title='bbox 479 1339 670 1403; x_wconf 86' lang='lat' dir='ltr'>aboleatur.</span> <span class='ocrx_word' id='word_1_53' title='bbox 714 1337 816 1401; x_wconf 86' lang='lat' dir='ltr'>Unde</span> <span class='ocrx_word' id='word_1_54' title='bbox 830 1337 914 1400; x_wconf 93' lang='lat' dir='ltr'>mihi</span> <span class='ocrx_word' id='word_1_55' title='bbox 928 1338 1076 1420; x_wconf 82' lang='lat' dir='ltr'>praefata</span> <span class='ocrx_word' id='word_1_56' title='bbox 1095 1358 1176 1421; x_wconf 92' lang='lat' dir='ltr'>pos-</span> 
     </span>
     <span class='ocr_line' id='line_1_10' title="bbox 228 1435 1175 1522; baseline -0.002 -19"><span class='ocrx_word' id='word_1_57' title='bbox 228 1441 350 1516; x_wconf 89' lang='lat' dir='ltr'>sessio,</span> <span class='ocrx_word' id='word_1_58' title='bbox 365 1459 469 1522; x_wconf 88' lang='lat' dir='ltr'>quam</span> <span class='ocrx_word' id='word_1_59' title='bbox 488 1439 565 1502; x_wconf 92' lang='lat' dir='ltr'>Deo</span> <span class='ocrx_word' id='word_1_60' title='bbox 581 1444 617 1501; x_wconf 90' lang='lat' dir='ltr'>et</span> <span class='ocrx_word' id='word_1_61' title='bbox 630 1444 751 1501; x_wconf 76' lang='lat' dir='ltr'>sancto</span> <span class='ocrx_word' id='word_1_62' title='bbox 766 1435 874 1500; x_wconf 87' lang='lat' dir='ltr'>Petro</span> <span class='ocrx_word' id='word_1_63' title='bbox 888 1436 978 1512; x_wconf 92' lang='lat' dir='ltr'>dedi,</span> <span class='ocrx_word' id='word_1_64' title='bbox 1004 1437 1175 1518; x_wconf 85' lang='lat' dir='ltr'>donatur;</span> 
     </span>
     <span class='ocr_line' id='line_1_11' title="bbox 229 1536 1176 1622; baseline -0.002 -20"><span class='ocrx_word' id='word_1_65' title='bbox 229 1559 291 1603; x_wconf 90' lang='lat' dir='ltr'>nec</span> <span class='ocrx_word' id='word_1_66' title='bbox 304 1538 436 1622; x_wconf 89' lang='lat' dir='ltr'>justius</span> <span class='ocrx_word' id='word_1_67' title='bbox 453 1537 535 1602; x_wconf 91' lang='lat' dir='ltr'>novi</span> <span class='ocrx_word' id='word_1_68' title='bbox 552 1556 656 1620; x_wconf 88' lang='lat' dir='ltr'>quam</span> <span class='ocrx_word' id='word_1_69' title='bbox 674 1537 751 1601; x_wconf 88' lang='lat' dir='ltr'>Deo</span> <span class='ocrx_word' id='word_1_70' title='bbox 766 1543 801 1599; x_wconf 91' lang='lat' dir='ltr'>et</span> <span class='ocrx_word' id='word_1_71' title='bbox 818 1538 940 1601; x_wconf 84' lang='lat' dir='ltr'>sancto</span> <span class='ocrx_word' id='word_1_72' title='bbox 958 1536 1176 1601; x_wconf 88' lang='lat' dir='ltr'>Petrohane</span> 
     </span>
     <span class='ocr_line' id='line_1_12' title="bbox 228 1635 1176 1720; baseline -0.003 -18"><span class='ocrx_word' id='word_1_73' title='bbox 228 1639 482 1720; x_wconf 88' lang='lat' dir='ltr'>possessionem</span> <span class='ocrx_word' id='word_1_74' title='bbox 508 1637 602 1713; x_wconf 85' lang='lat' dir='ltr'>dare,</span> <span class='ocrx_word' id='word_1_75' title='bbox 627 1637 687 1718; x_wconf 91' lang='lat' dir='ltr'>qui</span> <span class='ocrx_word' id='word_1_76' title='bbox 714 1635 876 1698; x_wconf 82' lang='lat' dir='ltr'>aemulum</span> <span class='ocrx_word' id='word_1_77' title='bbox 899 1655 1013 1698; x_wconf 90' lang='lat' dir='ltr'>meum</span> <span class='ocrx_word' id='word_1_78' title='bbox 1034 1636 1071 1698; x_wconf 91' lang='lat' dir='ltr'>in</span> <span class='ocrx_word' id='word_1_79' title='bbox 1093 1656 1176 1699; x_wconf 86' lang='lat' dir='ltr'>con·</span> 
     </span>
     <span class='ocr_line' id='line_1_13' title="bbox 228 1734 1176 1820; baseline -0.002 -20"><span class='ocrx_word' id='word_1_80' title='bbox 228 1745 350 1820; x_wconf 89' lang='lat' dir='ltr'>spectu</span> <span class='ocrx_word' id='word_1_81' title='bbox 362 1737 515 1800; x_wconf 92' lang='lat' dir='ltr'>omnium</span> <span class='ocrx_word' id='word_1_82' title='bbox 532 1734 655 1799; x_wconf 89' lang='lat' dir='ltr'>cadere</span> <span class='ocrx_word' id='word_1_83' title='bbox 673 1734 840 1811; x_wconf 88' lang='lat' dir='ltr'>fecerunt,</span> <span class='ocrx_word' id='word_1_84' title='bbox 853 1741 888 1798; x_wconf 94' lang='lat' dir='ltr'>et</span> <span class='ocrx_word' id='word_1_85' title='bbox 903 1734 986 1797; x_wconf 90' lang='lat' dir='ltr'>mihi</span> <span class='ocrx_word' id='word_1_86' title='bbox 1001 1735 1176 1818; x_wconf 52' lang='lat' dir='ltr'>prosperi*</span> 
     </span>
     <span class='ocr_line' id='line_1_14' title="bbox 229 1835 707 1917; baseline -0.006 -17"><span class='ocrx_word' id='word_1_87' title='bbox 229 1845 337 1900; x_wconf 83' lang='lat' dir='ltr'>tatem</span> <span class='ocrx_word' id='word_1_88' title='bbox 353 1837 453 1916; x_wconf 83' lang='lat' dir='ltr'>regni</span> <span class='ocrx_word' id='word_1_89' title='bbox 467 1836 586 1917; x_wconf 78' lang='lat' dir='ltr'>largiti</span> <span class='ocrx_word' id='word_1_90' title='bbox 602 1835 707 1898; x_wconf 68' lang='lat' dir='ltr'>sunt!</span> 
     </span>
    </p>

    <p class='ocr_par' dir='ltr' id='par_1_3' title="bbox 230 1932 1182 2810">
     <span class='ocr_line' id='line_1_15' title="bbox 282 1932 1177 2019; baseline -0.002 -19"><span class='ocrx_word' id='word_1_91' title='bbox 282 1935 391 2019; x_wconf 76' lang='lat' dir='ltr'>§las</span> <span class='ocrx_word' id='word_1_92' title='bbox 416 1935 460 1997; x_wconf 93' lang='lat' dir='ltr'>In</span> <span class='ocrx_word' id='word_1_93' title='bbox 477 1935 531 1997; x_wconf 92' lang='lat' dir='ltr'>his</span> <span class='ocrx_word' id='word_1_94' title='bbox 548 1935 663 1998; x_wconf 89' lang='lat' dir='ltr'>verbis</span> <span class='ocrx_word' id='word_1_95' title='bbox 684 1934 776 2015; x_wconf 79' lang='lat' dir='ltr'>regis</span> <span class='ocrx_word' id='word_1_96' title='bbox 800 1932 1019 2015; x_wconf 89' lang='lat' dir='ltr'>sapientiam,</span> <span class='ocrx_word' id='word_1_97' title='bbox 1045 1940 1081 1998; x_wconf 91' lang='lat' dir='ltr'>et</span> <span class='ocrx_word' id='word_1_98' title='bbox 1103 1936 1177 2015; x_wconf 73' lang='lat' dir='ltr'>pie-</span> 
     </span>
     <span class='ocr_line' id='line_1_16' title="bbox 230 2032 1175 2119; baseline -0.002 -20"><span class='ocrx_word' id='word_1_99' title='bbox 230 2042 338 2099; x_wconf 82' lang='lat' dir='ltr'>tatem</span> <span class='ocrx_word' id='word_1_100' title='bbox 372 2034 448 2119; x_wconf 88' lang='lat' dir='ltr'>ejus</span> <span class='ocrx_word' id='word_1_101' title='bbox 478 2033 515 2098; x_wconf 89' lang='lat' dir='ltr'>in</span> <span class='ocrx_word' id='word_1_102' title='bbox 548 2032 616 2099; x_wconf 90' lang='lat' dir='ltr'>Dei</span> <span class='ocrx_word' id='word_1_103' title='bbox 648 2034 764 2110; x_wconf 89' lang='lat' dir='ltr'>rebus,</span> <span class='ocrx_word' id='word_1_104' title='bbox 798 2033 973 2114; x_wconf 85' lang='lat' dir='ltr'>suspicere</span> <span class='ocrx_word' id='word_1_105' title='bbox 1003 2052 1068 2116; x_wconf 87' lang='lat' dir='ltr'>par</span> <span class='ocrx_word' id='word_1_106' title='bbox 1100 2041 1175 2097; x_wconf 80' lang='lat' dir='ltr'>est:</span> 
     </span>
     <span class='ocr_line' id='line_1_17' title="bbox 231 2131 1178 2216; baseline -0.002 -18"><span class='ocrx_word' id='word_1_107' title='bbox 231 2134 449 2216; x_wconf 86' lang='lat' dir='ltr'>sapientiam,</span> <span class='ocrx_word' id='word_1_108' title='bbox 481 2133 574 2216; x_wconf 90' lang='lat' dir='ltr'>quod</span> <span class='ocrx_word' id='word_1_109' title='bbox 600 2132 902 2209; x_wconf 82' lang='lat' dir='ltr'>animadverteret,</span> <span class='ocrx_word' id='word_1_110' title='bbox 923 2131 1064 2214; x_wconf 86' lang='lat' dir='ltr'>juvenis</span> <span class='ocrx_word' id='word_1_111' title='bbox 1088 2153 1178 2214; x_wconf 86' lang='lat' dir='ltr'>prae-</span> 
     </span>
     <span class='ocr_line' id='line_1_18' title="bbox 232 2230 1178 2313; baseline 0 -17"><span class='ocrx_word' id='word_1_112' title='bbox 232 2235 362 2308; x_wconf 88' lang='lat' dir='ltr'>sertim,</span> <span class='ocrx_word' id='word_1_113' title='bbox 380 2252 449 2297; x_wconf 91' lang='lat' dir='ltr'>non</span> <span class='ocrx_word' id='word_1_114' title='bbox 466 2251 542 2295; x_wconf 90' lang='lat' dir='ltr'>esse</span> <span class='ocrx_word' id='word_1_115' title='bbox 559 2231 635 2296; x_wconf 92' lang='lat' dir='ltr'>Deo</span> <span class='ocrx_word' id='word_1_116' title='bbox 658 2232 850 2313; x_wconf 83' lang='lat' dir='ltr'>gratiosum</span> <span class='ocrx_word' id='word_1_117' title='bbox 872 2230 914 2293; x_wconf 92' lang='lat' dir='ltr'>de</span> <span class='ocrx_word' id='word_1_118' title='bbox 937 2232 1060 2313; x_wconf 87' lang='lat' dir='ltr'>rapina</span> <span class='ocrx_word' id='word_1_119' title='bbox 1081 2232 1178 2296; x_wconf 61' lang='lat' dir='ltr'>holo*</span> 
     </span>
     <span class='ocr_line' id='line_1_19' title="bbox 232 2329 1179 2414; baseline 0.004 -19"><span class='ocrx_word' id='word_1_120' title='bbox 232 2340 413 2411; x_wconf 86' lang='lat' dir='ltr'>caustum3</span> <span class='ocrx_word' id='word_1_121' title='bbox 436 2333 613 2414; x_wconf 90' lang='lat' dir='ltr'>pietatem,</span> <span class='ocrx_word' id='word_1_122' title='bbox 636 2329 729 2412; x_wconf 93' lang='lat' dir='ltr'>quod</span> <span class='ocrx_word' id='word_1_123' title='bbox 746 2348 883 2408; x_wconf 91' lang='lat' dir='ltr'>munus,</span> <span class='ocrx_word' id='word_1_124' title='bbox 906 2330 1037 2395; x_wconf 90' lang='lat' dir='ltr'>ultione</span> <span class='ocrx_word' id='word_1_125' title='bbox 1060 2330 1179 2399; x_wconf 78' lang='lat' dir='ltr'>divina</span> 
     </span>
     <span class='ocr_line' id='line_1_20' title="bbox 231 2429 1179 2512; baseline -0.003 -17"><span class='ocrx_word' id='word_1_126' title='bbox 231 2432 407 2508; x_wconf 89' lang='lat' dir='ltr'>collatum,</span> <span class='ocrx_word' id='word_1_127' title='bbox 436 2431 513 2495; x_wconf 90' lang='lat' dir='ltr'>Deo</span> <span class='ocrx_word' id='word_1_128' title='bbox 537 2431 755 2512; x_wconf 90' lang='lat' dir='ltr'>potissimum</span> <span class='ocrx_word' id='word_1_129' title='bbox 781 2449 850 2491; x_wconf 91' lang='lat' dir='ltr'>non</span> <span class='ocrx_word' id='word_1_130' title='bbox 874 2429 1033 2510; x_wconf 86' lang='lat' dir='ltr'>ingratus</span> <span class='ocrx_word' id='word_1_131' title='bbox 1057 2450 1179 2512; x_wconf 54' lang='lat' dir='ltr'>repen*</span> 
     </span>
     <span class='ocr_line' id='line_1_21' title="bbox 232 2527 1180 2611; baseline 0.001 -19"><span class='ocrx_word' id='word_1_132' title='bbox 232 2531 340 2594; x_wconf 90' lang='lat' dir='ltr'>deret.</span> <span class='ocrx_word' id='word_1_133' title='bbox 394 2531 572 2594; x_wconf 88' lang='lat' dir='ltr'>Praeterea</span> <span class='ocrx_word' id='word_1_134' title='bbox 589 2529 692 2593; x_wconf 87' lang='lat' dir='ltr'>datur</span> <span class='ocrx_word' id='word_1_135' title='bbox 710 2527 1065 2607; x_wconf 86' lang='lat' dir='ltr'>animadvertendum,</span> <span class='ocrx_word' id='word_1_136' title='bbox 1089 2529 1180 2611; x_wconf 89' lang='lat' dir='ltr'>quod</span> 
     </span>
     <span class='ocr_line' id='line_1_22' title="bbox 234 2626 1180 2709; baseline -0.001 -16"><span class='ocrx_word' id='word_1_137' title='bbox 234 2637 316 2693; x_wconf 91' lang='lat' dir='ltr'>tunc</span> <span class='ocrx_word' id='word_1_138' title='bbox 355 2629 502 2694; x_wconf 88' lang='lat' dir='ltr'>basilica</span> <span class='ocrx_word' id='word_1_139' title='bbox 536 2629 649 2692; x_wconf 85' lang='lat' dir='ltr'>sancti</span> <span class='ocrx_word' id='word_1_140' title='bbox 686 2627 784 2690; x_wconf 88' lang='lat' dir='ltr'>Petri</span> <span class='ocrx_word' id='word_1_141' title='bbox 822 2626 987 2709; x_wconf 87' lang='lat' dir='ltr'>primaria</span> <span class='ocrx_word' id='word_1_142' title='bbox 1021 2629 1180 2693; x_wconf 87' lang='lat' dir='ltr'>coenobio</span> 
     </span>
     <span class='ocr_line' id='line_1_23' title="bbox 234 2725 1182 2810; baseline -0.002 -19"><span class='ocrx_word' id='word_1_143' title='bbox 234 2728 351 2805; x_wconf 87' lang='lat' dir='ltr'>suerit,</span> <span class='ocrx_word' id='word_1_144' title='bbox 368 2748 447 2810; x_wconf 85' lang='lat' dir='ltr'>quae</span> <span class='ocrx_word' id='word_1_145' title='bbox 472 2747 563 2790; x_wconf 89' lang='lat' dir='ltr'>nunc</span> <span class='ocrx_word' id='word_1_146' title='bbox 587 2728 625 2791; x_wconf 90' lang='lat' dir='ltr'>in</span> <span class='ocrx_word' id='word_1_147' title='bbox 648 2726 808 2790; x_wconf 88' lang='lat' dir='ltr'>secundis</span> <span class='ocrx_word' id='word_1_148' title='bbox 835 2725 1002 2804; x_wconf 85' lang='lat' dir='ltr'>habetur3</span> <span class='ocrx_word' id='word_1_149' title='bbox 1035 2726 1182 2791; x_wconf 87' lang='lat' dir='ltr'>ecclesia</span> 
     </span>
    </p>
   </div>
   <div class='ocr_carea' id='block_1_3' title="bbox 232 2824 1284 2918">
    <p class='ocr_par' dir='ltr' id='par_1_4' title="bbox 232 2824 1284 2918">
     <span class='ocr_line' id='line_1_24' title="bbox 232 2824 1284 2918; baseline 0.003 -28"><span class='ocrx_word' id='word_1_150' title='bbox 232 2828 344 2891; x_wconf 85' lang='lat' dir='ltr'>beatae</span> <span class='ocrx_word' id='word_1_151' title='bbox 361 2827 497 2903; x_wconf 80' lang='lat' dir='ltr'>Mariae,</span> <span class='ocrx_word' id='word_1_152' title='bbox 521 2845 625 2909; x_wconf 84' lang='lat' dir='ltr'>quem</span> <span class='ocrx_word' id='word_1_153' title='bbox 647 2824 807 2889; x_wconf 89' lang='lat' dir='ltr'>monachi</span> <span class='ocrx_word' id='word_1_154' title='bbox 828 2824 931 2888; x_wconf 92' lang='lat' dir='ltr'>modo</span> <span class='ocrx_word' id='word_1_155' title='bbox 949 2825 1181 2905; x_wconf 87' lang='lat' dir='ltr'>frequentant,</span> <span class='ocrx_word' id='word_1_156' title='bbox 1278 2903 1284 2918; x_wconf 94' lang='lat'><strong>.</strong></span> 
     </span>
    </p>
   </div>
   <div class='ocr_carea' id='block_1_4' title="bbox 234 2924 1182 3008">
    <p class='ocr_par' dir='ltr' id='par_1_5' title="bbox 234 2924 1182 3008">
     <span class='ocr_line' id='line_1_25' title="bbox 234 2924 1182 3008; baseline 0.001 -19"><span class='ocrx_word' id='word_1_157' title='bbox 234 2934 357 3008; x_wconf 87' lang='lat' dir='ltr'>postea</span> <span class='ocrx_word' id='word_1_158' title='bbox 378 2927 471 3008; x_wconf 86' lang='lat' dir='ltr'>regis</span> <span class='ocrx_word' id='word_1_159' title='bbox 494 2925 625 3007; x_wconf 83' lang='lat' dir='ltr'>Edgari</span> <span class='ocrx_word' id='word_1_160' title='bbox 647 2925 767 2988; x_wconf 89' lang='lat' dir='ltr'>diebus</span> <span class='ocrx_word' id='word_1_161' title='bbox 795 2925 860 2987; x_wconf 89' lang='lat' dir='ltr'>sub</span> <span class='ocrx_word' id='word_1_162' title='bbox 893 2925 1019 2989; x_wconf 81' lang='lat' dir='ltr'>abbate</span> <span class='ocrx_word' id='word_1_163' title='bbox 1053 2924 1182 2990; x_wconf 88' lang='lat' dir='ltr'>Elfrieo</span> 
     </span>
    </p>
   </div>
   <div class='ocr_carea' id='block_1_5' title="bbox 235 3018 1183 3106">
    <p class='ocr_par' dir='ltr' id='par_1_6' title="bbox 235 3018 1183 3106">
     <span class='ocr_line' id='line_1_26' title="bbox 235 3018 1183 3106; baseline 0.001 -18"><span class='ocrx_word' id='word_1_164' title='bbox 235 3018 436 3090; x_wconf 84' lang='lat' dir='ltr'>¹aedificate.</span> <span class='ocrx_word' id='word_1_165' title='bbox 488 3025 534 3088; x_wconf 91' lang='lat' dir='ltr'>Et</span> <span class='ocrx_word' id='word_1_166' title='bbox 558 3025 632 3088; x_wconf 81' lang='lat' dir='ltr'>hoec</span> <span class='ocrx_word' id='word_1_167' title='bbox 648 3024 787 3105; x_wconf 90' lang='lat' dir='ltr'>quidem</span> <span class='ocrx_word' id='word_1_168' title='bbox 800 3022 868 3088; x_wconf 92' lang='lat' dir='ltr'>fide</span> <span class='ocrx_word' id='word_1_169' title='bbox 883 3023 1021 3105; x_wconf 79' lang='lat' dir='ltr'>integra</span> <span class='ocrx_word' id='word_1_170' title='bbox 1042 3024 1085 3087; x_wconf 92' lang='lat' dir='ltr'>de</span> <span class='ocrx_word' id='word_1_171' title='bbox 1102 3045 1183 3106; x_wconf 84' lang='lat' dir='ltr'>rege</span> 
     </span>
    </p>
   </div>
   <div class='ocr_carea' id='block_1_6' title="bbox 229 3279 1188 4319">
    <p class='ocr_par' dir='ltr' id='par_1_7' title="bbox 229 3279 1188 4319">
     <span class='ocr_line' id='line_1_27' title="bbox 268 3279 1184 3346; baseline 0.003 -16"><span class='ocrx_word' id='word_1_172' title='bbox 268 3279 696 3346; x_wconf 78' lang='lat' dir='ltr'>¹AEdiflcotu.]A.S.D.E.L.M.;</span> <span class='ocrx_word' id='word_1_173' title='bbox 721 3286 746 3329; x_wconf 92' lang='lat' dir='ltr'>et</span> <span class='ocrx_word' id='word_1_174' title='bbox 770 3283 796 3330; x_wconf 90' lang='lat' dir='ltr'>in</span> <span class='ocrx_word' id='word_1_175' title='bbox 818 3282 934 3331; x_wconf 88' lang='lat' dir='ltr'>omnibus</span> <span class='ocrx_word' id='word_1_176' title='bbox 960 3283 1038 3344; x_wconf 89' lang='lat' dir='ltr'>hujus</span> <span class='ocrx_word' id='word_1_177' title='bbox 1064 3285 1184 3346; x_wconf 87' lang='lat' dir='ltr'>temporis</span> 
     </span>
     <span class='ocr_line' id='line_1_28' title="bbox 234 3350 1183 3413; baseline 0.004 -15"><span class='ocrx_word' id='word_1_178' title='bbox 234 3350 696 3413; x_wconf 81' lang='lat' dir='ltr'>aiter‘aediticata,&#39;C.reads‘Cujus</span> <span class='ocrx_word' id='word_1_179' title='bbox 720 3351 824 3412; x_wconf 78' lang='lat' dir='ltr'>regibus</span> <span class='ocrx_word' id='word_1_180' title='bbox 851 3352 956 3400; x_wconf 88' lang='lat' dir='ltr'>terrenis</span> <span class='ocrx_word' id='word_1_181' title='bbox 983 3352 1080 3402; x_wconf 80' lang='lat' dir='ltr'>famosa</span> <span class='ocrx_word' id='word_1_182' title='bbox 1106 3355 1183 3403; x_wconf 85' lang='lat' dir='ltr'>laude</span> 
     </span>
     <span class='ocr_line' id='line_1_29' title="bbox 236 3419 1184 3486; baseline 0.003 -18"><span class='ocrx_word' id='word_1_183' title='bbox 236 3426 321 3469; x_wconf 79' lang='lat' dir='ltr'>autem</span> <span class='ocrx_word' id='word_1_184' title='bbox 333 3421 457 3482; x_wconf 85' lang='lat' dir='ltr'>opinionis</span> <span class='ocrx_word' id='word_1_185' title='bbox 468 3420 545 3468; x_wconf 76' lang='lat' dir='ltr'>fuerit</span> <span class='ocrx_word' id='word_1_186' title='bbox 556 3419 625 3480; x_wconf 85' lang='lat' dir='ltr'>apud</span> <span class='ocrx_word' id='word_1_187' title='bbox 634 3420 697 3470; x_wconf 86' lang='lat' dir='ltr'>Gal·</span> <span class='ocrx_word' id='word_1_188' title='bbox 721 3420 961 3482; x_wconf 79' lang='lat' dir='ltr'>praecellentissime,</span> <span class='ocrx_word' id='word_1_189' title='bbox 978 3435 1024 3469; x_wconf 85' lang='lat' dir='ltr'>rex</span> <span class='ocrx_word' id='word_1_190' title='bbox 1034 3421 1184 3486; x_wconf 82' lang='lat' dir='ltr'>Adelstane,</span> 
     </span>
     <span class='ocr_line' id='line_1_30' title="bbox 236 3489 1183 3552; baseline 0.003 -15"><span class='ocrx_word' id='word_1_191' title='bbox 236 3489 285 3550; x_wconf 89' lang='lat' dir='ltr'>los,</span> <span class='ocrx_word' id='word_1_192' title='bbox 301 3494 354 3537; x_wconf 87' lang='lat' dir='ltr'>tum</span> <span class='ocrx_word' id='word_1_193' title='bbox 372 3490 477 3544; x_wconf 89' lang='lat' dir='ltr'>inbelli</span> <span class='ocrx_word' id='word_1_194' title='bbox 496 3489 632 3538; x_wconf 89' lang='lat' dir='ltr'>sudoribus</span> <span class='ocrx_word' id='word_1_195' title='bbox 643 3494 696 3537; x_wconf 89' lang='lat' dir='ltr'>tum</span> <span class='ocrx_word' id='word_1_196' title='bbox 721 3489 818 3537; x_wconf 88' lang='lat' dir='ltr'>noverit</span> <span class='ocrx_word' id='word_1_197' title='bbox 839 3490 932 3549; x_wconf 87' lang='lat' dir='ltr'>optime</span> <span class='ocrx_word' id='word_1_198' title='bbox 954 3490 1046 3552; x_wconf 84' lang='lat' dir='ltr'>pietas,</span> <span class='ocrx_word' id='word_1_199' title='bbox 1067 3497 1183 3540; x_wconf 80' lang='lat' dir='ltr'>manente</span> 
     </span>
     <span class='ocr_line' id='line_1_31' title="bbox 238 3558 1185 3623; baseline 0.003 -17"><span class='ocrx_word' id='word_1_200' title='bbox 238 3559 265 3606; x_wconf 91' lang='lat' dir='ltr'>in</span> <span class='ocrx_word' id='word_1_201' title='bbox 277 3559 420 3608; x_wconf 83' lang='lat' dir='ltr'>Christiano</span> <span class='ocrx_word' id='word_1_202' title='bbox 432 3559 514 3620; x_wconf 90' lang='lat' dir='ltr'>cultu,</span> <span class='ocrx_word' id='word_1_203' title='bbox 531 3573 580 3606; x_wconf 89' lang='lat' dir='ltr'>non</span> <span class='ocrx_word' id='word_1_204' title='bbox 590 3573 697 3619; x_wconf 87' lang='lat' dir='ltr'>parvum</span> <span class='ocrx_word' id='word_1_205' title='bbox 722 3558 805 3606; x_wconf 86' lang='lat' dir='ltr'>adhuc</span> <span class='ocrx_word' id='word_1_206' title='bbox 817 3559 954 3607; x_wconf 83' lang='lat' dir='ltr'>stabilitate</span> <span class='ocrx_word' id='word_1_207' title='bbox 966 3565 1057 3608; x_wconf 82' lang='lat' dir='ltr'>nostrae</span> <span class='ocrx_word' id='word_1_208' title='bbox 1064 3560 1185 3623; x_wconf 78' lang='lat' dir='ltr'>regionis,</span> 
     </span>
     <span class='ocr_line' id='line_1_32' title="bbox 237 3627 1183 3690; baseline 0.003 -14"><span class='ocrx_word' id='word_1_209' title='bbox 237 3628 345 3688; x_wconf 86' lang='lat' dir='ltr'>epistola</span> <span class='ocrx_word' id='word_1_210' title='bbox 361 3643 437 3689; x_wconf 80' lang='lat' dir='ltr'>quarn</span> <span class='ocrx_word' id='word_1_211' title='bbox 455 3629 562 3690; x_wconf 88' lang='lat' dir='ltr'>subjicio</span> <span class='ocrx_word' id='word_1_212' title='bbox 580 3627 642 3676; x_wconf 81' lang='lat' dir='ltr'>facit</span> <span class='ocrx_word' id='word_1_213' title='bbox 660 3629 699 3676; x_wconf 90' lang='lat' dir='ltr'>in-</span> <span class='ocrx_word' id='word_1_214' title='bbox 722 3627 791 3688; x_wconf 90' lang='lat' dir='ltr'>quod</span> <span class='ocrx_word' id='word_1_215' title='bbox 819 3632 892 3688; x_wconf 81' lang='lat' dir='ltr'>pater</span> <span class='ocrx_word' id='word_1_216' title='bbox 920 3633 1003 3676; x_wconf 85' lang='lat' dir='ltr'>vester</span> <span class='ocrx_word' id='word_1_217' title='bbox 1026 3629 1183 3679; x_wconf 79' lang='lat' dir='ltr'>Eduuerdus</span> 
     </span>
     <span class='ocr_line' id='line_1_33' title="bbox 237 3697 1184 3757; baseline 0.004 -13"><span class='ocrx_word' id='word_1_218' title='bbox 237 3697 341 3747; x_wconf 88' lang='lat' dir='ltr'>dicium.</span> <span class='ocrx_word' id='word_1_219' title='bbox 377 3697 697 3746; x_wconf 86' lang='lat' dir='ltr'>“Summaeetindividuae</span> <span class='ocrx_word' id='word_1_220' title='bbox 722 3711 768 3757; x_wconf 82' lang='lat' dir='ltr'>per</span> <span class='ocrx_word' id='word_1_221' title='bbox 785 3697 872 3744; x_wconf 83' lang='lat' dir='ltr'>literas</span> <span class='ocrx_word' id='word_1_222' title='bbox 888 3711 915 3744; x_wconf 86' lang='lat' dir='ltr'>se</span> <span class='ocrx_word' id='word_1_223' title='bbox 931 3699 1115 3747; x_wconf 85' lang='lat' dir='ltr'>commendavit</span> <span class='ocrx_word' id='word_1_224' title='bbox 1126 3714 1184 3748; x_wconf 91' lang='lat' dir='ltr'>con·</span> 
     </span>
     <span class='ocr_line' id='line_1_34' title="bbox 237 3766 1184 3828; baseline 0.004 -15"><span class='ocrx_word' id='word_1_225' title='bbox 237 3767 368 3816; x_wconf 82' lang='lat' dir='ltr'>Trinitatis</span> <span class='ocrx_word' id='word_1_226' title='bbox 402 3767 504 3826; x_wconf 89' lang='lat' dir='ltr'>honore,</span> <span class='ocrx_word' id='word_1_227' title='bbox 537 3767 698 3828; x_wconf 87' lang='lat' dir='ltr'>omniumque</span> <span class='ocrx_word' id='word_1_228' title='bbox 723 3767 799 3815; x_wconf 89' lang='lat' dir='ltr'>sortio</span> <span class='ocrx_word' id='word_1_229' title='bbox 820 3766 984 3815; x_wconf 81' lang='lat' dir='ltr'>fraternitatis</span> <span class='ocrx_word' id='word_1_230' title='bbox 1006 3769 1087 3816; x_wconf 83' lang='lat' dir='ltr'>sancti</span> <span class='ocrx_word' id='word_1_231' title='bbox 1114 3769 1184 3817; x_wconf 81' lang='lat' dir='ltr'>Sem-</span> 
     </span>
     <span class='ocr_line' id='line_1_35' title="bbox 237 3837 1184 3899; baseline 0.003 -15"><span class='ocrx_word' id='word_1_232' title='bbox 237 3841 380 3884; x_wconf 79' lang='lat' dir='ltr'>ssnctorum</span> <span class='ocrx_word' id='word_1_233' title='bbox 407 3837 639 3897; x_wconf 79' lang='lat' dir='ltr'>praecellentissima</span> <span class='ocrx_word' id='word_1_234' title='bbox 661 3837 699 3884; x_wconf 91' lang='lat' dir='ltr'>in·</span> <span class='ocrx_word' id='word_1_235' title='bbox 723 3837 791 3884; x_wconf 84' lang='lat' dir='ltr'>sonis</span> <span class='ocrx_word' id='word_1_236' title='bbox 802 3837 894 3884; x_wconf 88' lang='lat' dir='ltr'>surnmi</span> <span class='ocrx_word' id='word_1_237' title='bbox 905 3837 1064 3899; x_wconf 82' lang='lat' dir='ltr'>contessoris,</span> <span class='ocrx_word' id='word_1_238' title='bbox 1075 3853 1105 3886; x_wconf 81' lang='lat' dir='ltr'>eo</span> <span class='ocrx_word' id='word_1_239' title='bbox 1119 3839 1184 3887; x_wconf 87' lang='lat' dir='ltr'>Leu-</span> 
     </span>
     <span class='ocr_line' id='line_1_36' title="bbox 237 3906 1183 3967; baseline 0.004 -14"><span class='ocrx_word' id='word_1_240' title='bbox 237 3907 398 3963; x_wconf 87' lang='lat' dir='ltr'>tercessione,</span> <span class='ocrx_word' id='word_1_241' title='bbox 413 3907 521 3967; x_wconf 80' lang='lat' dir='ltr'>glorioso</span> <span class='ocrx_word' id='word_1_242' title='bbox 539 3909 564 3953; x_wconf 92' lang='lat' dir='ltr'>et</span> <span class='ocrx_word' id='word_1_243' title='bbox 582 3907 700 3954; x_wconf 82' lang='lat' dir='ltr'>munifico</span> <span class='ocrx_word' id='word_1_244' title='bbox 723 3907 797 3953; x_wconf 82' lang='lat' dir='ltr'>suani</span> <span class='ocrx_word' id='word_1_245' title='bbox 819 3906 1004 3967; x_wconf 87' lang='lat' dir='ltr'>archiepiscopi</span> <span class='ocrx_word' id='word_1_246' title='bbox 1026 3908 1131 3956; x_wconf 87' lang='lat' dir='ltr'>senioris</span> <span class='ocrx_word' id='word_1_247' title='bbox 1153 3923 1183 3957; x_wconf 79' lang='lat' dir='ltr'>ac</span> 
     </span>
     <span class='ocr_line' id='line_1_37' title="bbox 229 3974 1184 4035; baseline 0.003 -14"><span class='ocrx_word' id='word_1_248' title='bbox 229 3976 293 4035; x_wconf 82' lang='lat' dir='ltr'>&#39;regi</span> <span class='ocrx_word' id='word_1_249' title='bbox 305 3974 461 4034; x_wconf 80' lang='lat' dir='ltr'>Ethelstano,</span> <span class='ocrx_word' id='word_1_250' title='bbox 469 3976 598 4024; x_wconf 87' lang='lat' dir='ltr'>Samsonis</span> <span class='ocrx_word' id='word_1_251' title='bbox 609 3975 699 4023; x_wconf 89' lang='lat' dir='ltr'>summi</span> <span class='ocrx_word' id='word_1_252' title='bbox 724 3976 866 4022; x_wconf 87' lang='lat' dir='ltr'>consobrini</span> <span class='ocrx_word' id='word_1_253' title='bbox 895 3977 955 4035; x_wconf 88' lang='lat' dir='ltr'>mei,</span> <span class='ocrx_word' id='word_1_254' title='bbox 980 3990 1010 4024; x_wconf 82' lang='lat' dir='ltr'>ao</span> <span class='ocrx_word' id='word_1_255' title='bbox 1037 3977 1184 4025; x_wconf 87' lang='lat' dir='ltr'>clericorum</span> 
     </span>
     <span class='ocr_line' id='line_1_38' title="bbox 237 4044 1186 4106; baseline 0.003 -14"><span class='ocrx_word' id='word_1_256' title='bbox 237 4044 363 4104; x_wconf 87' lang='lat' dir='ltr'>pontificis</span> <span class='ocrx_word' id='word_1_257' title='bbox 374 4057 422 4105; x_wconf 85' lang='lat' dir='ltr'>ego</span> <span class='ocrx_word' id='word_1_258' title='bbox 431 4045 568 4095; x_wconf 83' lang='lat' dir='ltr'>Rohbodus</span> <span class='ocrx_word' id='word_1_259' title='bbox 579 4045 700 4106; x_wconf 86' lang='lat' dir='ltr'>praeposi·</span> <span class='ocrx_word' id='word_1_260' title='bbox 724 4045 789 4104; x_wconf 87' lang='lat' dir='ltr'>ejus.</span> <span class='ocrx_word' id='word_1_261' title='bbox 825 4045 900 4092; x_wconf 91' lang='lat' dir='ltr'>Unde</span> <span class='ocrx_word' id='word_1_262' title='bbox 919 4059 1000 4105; x_wconf 90' lang='lat' dir='ltr'>usque</span> <span class='ocrx_word' id='word_1_263' title='bbox 1019 4045 1094 4094; x_wconf 89' lang='lat' dir='ltr'>hodie</span> <span class='ocrx_word' id='word_1_264' title='bbox 1116 4047 1186 4095; x_wconf 87' lang='lat' dir='ltr'>inde·</span> 
     </span>
     <span class='ocr_line' id='line_1_39' title="bbox 237 4111 1187 4176; baseline 0.002 -15"><span class='ocrx_word' id='word_1_265' title='bbox 237 4117 289 4174; x_wconf 89' lang='lat' dir='ltr'>tus,</span> <span class='ocrx_word' id='word_1_266' title='bbox 300 4114 375 4161; x_wconf 87' lang='lat' dir='ltr'>istius</span> <span class='ocrx_word' id='word_1_267' title='bbox 385 4115 466 4162; x_wconf 86' lang='lat' dir='ltr'>seculi</span> <span class='ocrx_word' id='word_1_268' title='bbox 477 4115 582 4175; x_wconf 83' lang='lat' dir='ltr'>gloriam</span> <span class='ocrx_word' id='word_1_269' title='bbox 593 4118 618 4162; x_wconf 88' lang='lat' dir='ltr'>et</span> <span class='ocrx_word' id='word_1_270' title='bbox 630 4118 700 4161; x_wconf 85' lang='lat' dir='ltr'>aeter·</span> <span class='ocrx_word' id='word_1_271' title='bbox 725 4112 806 4161; x_wconf 80' lang='lat' dir='ltr'>fessas</span> <span class='ocrx_word' id='word_1_272' title='bbox 817 4113 883 4174; x_wconf 82' lang='lat' dir='ltr'>Regi</span> <span class='ocrx_word' id='word_1_273' title='bbox 895 4112 997 4161; x_wconf 85' lang='lat' dir='ltr'>Christo</span> <span class='ocrx_word' id='word_1_274' title='bbox 1008 4129 1053 4176; x_wconf 90' lang='lat' dir='ltr'>pro</span> <span class='ocrx_word' id='word_1_275' title='bbox 1065 4117 1121 4176; x_wconf 87' lang='lat' dir='ltr'>ejus</span> <span class='ocrx_word' id='word_1_276' title='bbox 1132 4111 1187 4164; x_wconf 85' lang='lat' dir='ltr'>ani·</span> 
     </span>
     <span class='ocr_line' id='line_1_40' title="bbox 237 4182 1187 4249; baseline 0.004 -19"><span class='ocrx_word' id='word_1_277' title='bbox 237 4182 264 4230; x_wconf 89' lang='lat' dir='ltr'>ni</span> <span class='ocrx_word' id='word_1_278' title='bbox 286 4183 477 4235; x_wconf 84' lang='lat' dir='ltr'>beatitudinem.</span> <span class='ocrx_word' id='word_1_279' title='bbox 532 4182 701 4244; x_wconf 70' lang='lat' dir='ltr'>Benignitatis</span> <span class='ocrx_word' id='word_1_280' title='bbox 725 4197 773 4231; x_wconf 81' lang='lat' dir='ltr'>mae</span> <span class='ocrx_word' id='word_1_281' title='bbox 793 4183 885 4243; x_wconf 85' lang='lat' dir='ltr'>salute,</span> <span class='ocrx_word' id='word_1_282' title='bbox 903 4187 928 4229; x_wconf 90' lang='lat' dir='ltr'>et</span> <span class='ocrx_word' id='word_1_283' title='bbox 939 4197 985 4243; x_wconf 91' lang='lat' dir='ltr'>pro</span> <span class='ocrx_word' id='word_1_284' title='bbox 1001 4183 1082 4233; x_wconf 83' lang='lat' dir='ltr'>salute</span> <span class='ocrx_word' id='word_1_285' title='bbox 1093 4190 1187 4249; x_wconf 85' lang='lat' dir='ltr'>vestra,</span> 
     </span>
     <span class='ocr_line' id='line_1_41' title="bbox 238 4251 1188 4319; baseline 0.006 -20"><span class='ocrx_word' id='word_1_286' title='bbox 238 4266 267 4299; x_wconf 87' lang='lat' dir='ltr'>ac</span> <span class='ocrx_word' id='word_1_287' title='bbox 280 4252 443 4302; x_wconf 86' lang='lat' dir='ltr'>sublimitatis</span> <span class='ocrx_word' id='word_1_288' title='bbox 459 4257 559 4314; x_wconf 73' lang='lat' dir='ltr'>vestras,</span> <span class='ocrx_word' id='word_1_289' title='bbox 577 4253 700 4314; x_wconf 85' lang='lat' dir='ltr'>piissime,</span> <span class='ocrx_word' id='word_1_290' title='bbox 724 4251 854 4300; x_wconf 80' lang='lat' dir='ltr'>fundimus</span> <span class='ocrx_word' id='word_1_291' title='bbox 860 4257 996 4313; x_wconf 73' lang='lat' dir='ltr'>preces30t</span> <span class='ocrx_word' id='word_1_292' title='bbox 1002 4253 1043 4302; x_wconf 87' lang='lat' dir='ltr'>dis</span> <span class='ocrx_word' id='word_1_293' title='bbox 1052 4259 1188 4319; x_wconf 88' lang='lat' dir='ltr'>noctuque,</span> 
     </span>
    </p>
   </div>
   <div class='ocr_carea' id='block_1_7' title="bbox 0 0 1614 5048">
    <p class='ocr_par' dir='ltr' id='par_1_8' title="bbox 0 0 1614 5048">
     <span class='ocr_line' id='line_1_42' title="bbox 0 0 1614 5048; baseline 0 0"><span class='ocrx_word' id='word_1_294' title='bbox 0 0 1614 5048; x_wconf 95' lang='lat' dir='ltr'> </span> 
     </span>
    </p>
   </div>
  </div>
 </body>
</html>
