3190 5060
431 488 497 553 162
622 499 908 556 ‚nasrnnneun
932 499 1148 549 nneuonuu.
1242 487 1386 568 [man.

273 682 376 724 crans·
433 660 486 728 tui
515 658 667 742 episcopi
697 665 733 723 et
763 657 931 741 satellites
956 657 1109 734 venient,
1137 657 1197 740 qui
1218 658 1389 724 similiter

273 734 351 775 vision.

435 766 555 825 amant
577 778 668 822 nune
690 757 837 822 facere.''
890 757 937 820 Et
953 757 1033 820 dum
1058 758 1133 821 baec
1150 758 1388 822 tremibundus

435 858 681 935 auscultarem,
695 877 786 935 ecce,
804 857 981 938 nigerrimi
994 858 1169 922 daemones
1184 857 1388 922 advolantes

435 979 513 1024 cum
543 959 642 1023 uncis
672 957 783 1039 igneis
813 956 978 1022 volebant
1007 957 1264 1039 apprehendere
1292 956 1388 1020 iilum

437 1057 599 1142 glomeris
614 1076 716 1140 quem
733 1057 769 1119 in
792 1075 898 1120 manu
918 1056 1091 1134 tenebam,
1106 1057 1200 1121 etad
1217 1076 1254 1120 se
1277 1062 1387 1120 attra-

437 1159 540 1238 bere3
567 1157 639 1234 sed,
655 1155 953 1221 reverberantibus
967 1156 1074 1220 radiis
1099 1157 1193 1220 illius
1214 1157 1390 1237 glomeris,

437 1278 507 1323 non
520 1258 684 1322 valebant
697 1256 792 1318 filum
808 1254 1020 1338 contingere.
1059 1255 1207 1332 Deinde,
1223 1261 1388 1338 postter-

438 1377 521 1439 gum
536 1376 649 1420 meum
673 1362 863 1430 currentes,
877 1355 1062 1419 voluerunt
1086 1375 1141 1418 me
1168 1355 1390 1430 aduncinare,

437 1465 473 1521 et
495 1457 532 1520 in
557 1457 652 1539 ipsos
674 1461 798 1537 puteos
821 1454 1027 1536 sulphureos
1055 1455 1294 1537 praecipitare:
1328 1455 1390 1518 sed

436 1557 561 1620 ductor
588 1575 698 1632 meus,
726 1554 786 1637 qui
813 1556 978 1636 portabat
1009 1553 1207 1636 glomerem,
1239 1553 1391 1637 jactavit

437 1675 542 1738 super
556 1653 822 1738 scapulasfilum
837 1652 1013 1734 glomeriS,
1027 1661 1063 1717 et
1075 1652 1266 1736 duplicavit
1280 1653 1389 1730 illmn,

438 1756 615 1837 traxitque
642 1753 778 1820 fortiter
799 1759 880 1836 post
902 1747 973 1817 ¹me
991 1772 1001 1833 3
1031 1754 1149 1835 sicque
1171 1753 1390 1818 ascendimus

437 1875 543 1937 super
566 1861 702 1918 montes
722 1852 909 1917 altissimos
930 1853 1065 1934 igneos,
1087 1853 1130 1917 de
1155 1854 1280 1934 quibus
1303 1852 1391 1916 orie-
1435 1904 1439 1910 .

437 1955 564 2017 bantur
577 1953 722 2037 paludes
737 1959 774 2015 et
786 1951 929 2014 flumina
944 1951 1125 2029 ferventia,
1143 1959 1181 2016 et
1193 1953 1308 2016 omnia
1318 1971 1389 2016 me-

438 2053 601 2118 tallorum
625 2070 754 2134 genera
768 2050 961 2128 bullientia,
980 2052 1040 2116 ubi
1061 2052 1174 2135 reperi
1194 2051 1391 2116 innumeras

439 2153 573 2217 animas
588 2151 762 2216 bominum
781 2158 817 2215 et
829 2151 1024 2233 principum
1045 2152 1155 2234 patris
1177 2152 1244 2215 mei
1258 2159 1293 2215 et
1307 2145 1390 2214 ²fra-

439 2258 532 2315 trum
552 2270 706 2315 meorum
735 2250 984 2332 praecipitatos,
1014 2251 1101 2314 alias
1130 2269 1240 2334 usque
1265 2251 1310 2314 ad
1335 2269 1393 2315 ca-

440 2351 556 2434 pillos,
570 2351 657 2416 alias
673 2369 782 2432 usque
798 2349 842 2413 ad
853 2358 1019 2426 mentum,
1033 2351 1121 2414 alias
1136 2350 1299 2433 usquead
1316 2370 1391 2413 um-

442 2450 582 2515 bilicum
595 2471 604 2530 ;
620 2450 926 2531 clamaveruntque
940 2451 985 2516 ad
999 2470 1054 2513 me
1068 2449 1243 2534 ejulando,
1264 2450 1391 2515 “Dum

443 2551 608 2627 viximus,
624 2550 816 2615 amavimus
838 2555 966 2626 tecum,
986 2556 1024 2614 et
1045 2569 1124 2614 cum
1146 2557 1246 2632 patre
1267 2557 1341 2627 tuo,
1358 2557 1393 2613 et

442 2669 521 2713 cum
536 2649 701 2714 fratribus
715 2648 798 2724 tuis,
821 2655 857 2712 et
878 2668 957 2712 enm
979 2649 1159 2714 avunculis
1176 2650 1258 2726 tuiS,
1279 2648 1392 2713 facere

443 2748 575 2831 praelia,
601 2757 637 2813 et
661 2747 856 2824 homicidia,
885 2755 921 2811 et
948 2747 1088 2830 rapinas
1114 2767 1178 2830 pro
1205 2748 1394 2831 eupiditate

443 2855 600 2927 terrena;
624 2848 702 2911 ideo
714 2848 751 2911 in
766 2847 836 2910 ista
857 2846 1038 2920 bullientia
1049 2847 1204 2924 fiumina,
1219 2854 1255 2911 et
1271 2849 1393 2913 metal-

443 2947 555 3010 lorum
569 2941 720 3011 ³diversa
733 2964 874 3026 genera,
889 2947 1099 3012 sustinemus
1107 2948 1313 3012 tormenta''
1347 2948 1394 3012 Et

444 3045 581 3109 eumad
596 3045 672 3108 baec
688 3044 828 3108 timidus
851 3045 1077 3122 intenderem,
1092 3046 1210 3112 audivi
1224 3054 1317 3111 retro
1339 3067 1394 3112 me

443 3144 578 3206 animas
592 3145 754 3220 clamare,
764 3143 961 3209 “Potentes
973 3152 1133 3227 potenter
1146 3154 1319 3211 tormenta
1332 3166 1395 3229 pa-

444 3242 607 3306 tientur.”
658 3242 705 3318 Et
721 3245 871 3326 respexi,
885 3252 923 3308 et
933 3244 1005 3309 vidi
1015 3263 1119 3327 super
1135 3245 1230 3327 ripas
1245 3245 1395 3309 fluminis

443 3341 620 3406 bullientis
643 3341 800 3406 fornaces
830 3343 946 3425 piceas
972 3351 1008 3407 et
1035 3344 1252 3426 sulphureas,
1274 3346 1394 3428 plenas

444 3443 581 3522 magnis
607 3442 815 3506 draconibus
838 3450 873 3505 et
898 3443 1135 3532 scorpionibus
1159 3451 1195 3508 et
1226 3446 1394 3527 serpenti-

444 3542 510 3604 bus
524 3541 651 3605 diversi
674 3541 831 3622 generis3
855 3541 915 3605 ubi
929 3542 1034 3605 etiam
1048 3542 1120 3606 vidi
1135 3543 1270 3626 aliquos
1285 3545 1394 3626 patris

444 3640 512 3704 mei
534 3641 719 3723 principes,
742 3648 778 3704 et
799 3659 895 3704 meos
911 3648 945 3704 et
961 3639 1106 3706 fratrum
1129 3661 1295 3720 meorum,
1315 3664 1394 3708 nec·

444 3759 514 3802 non
524 3747 559 3803 et
568 3738 816 3804 avunculorum
832 3759 997 3822 meorum,
1006 3741 1160 3818 dicentes
1174 3742 1270 3820 mibi,
1281 3742 1395 3808 “Heu

445 3839 558 3914 nobis,
575 3837 726 3902 Karole!
750 3838 848 3902 vides
868 3859 972 3922 quam
998 3841 1121 3923 gravia
1135 3841 1299 3906 babemus
1323 3850 1395 3906 tor·

480 4077 487 4106 ¹
500 4081 565 4144 Ma]
582 4082 633 4141 E.;
650 4095 688 4142 se,
698 4078 732 4131 Α.
745 4079 774 4129 S.
787 4083 817 4130 C.
830 4082 864 4130 D.
874 4081 905 4130 L.
931 4082 1396 4145 ‘cognatorum,'pr0bablysor‘avun·

476 4150 617 4200 'Fratrum
627 4151 753 4214 meorum]
771 4151 805 4199 A.
824 4150 853 4199 S.
876 4153 906 4202 C.
930 4150 1064 4201 culorum?

442 4219 478 4267 D.
490 4219 539 4279 E.;
556 4219 621 4269 aiter
634 4221 777 4282 ‘meorum’
789 4221 821 4269 L.
832 4221 907 4270 reads
966 4217 977 4247 ³
989 4215 1119 4287 Diverso]
1134 4220 1168 4272 A.
1177 4221 1206 4272 S.
1217 4224 1247 4271 C.
1256 4221 1328 4272 Μ.
1338 4238 1346 4284 ;
1357 4222 1396 4272 di·

445 4289 486 4336 ‘et
497 4290 626 4352 meorum‚'
642 4290 693 4338 and
709 4291 735 4338 in
754 4289 797 4338 the
808 4291 906 4351 margin
930 4304 1068 4354 versorum,
1080 4291 1115 4339 D.
1127 4291 1166 4340 M.
