3170 5054
210 518 280 566 nin.
297 501 340 582 ι.]
437 515 551 566 unsre
578 516 704 565 resurr
730 517 941 566 suenorum.
1121 505 1164 572 lll

208 673 353 756 pertidia
377 674 539 740 terribilis
558 676 710 759 exempli
732 684 816 742 nota
838 679 986 760 posteris
1003 679 1157 747 intrem

207 779 275 850 tur,
300 773 404 838 avitis
427 774 551 840 linibus
576 795 668 858 aegre
694 776 776 842 licet
798 779 953 856 retentis,
977 795 1154 864 uunquam

205 873 249 936 ad
262 879 444 954 paternum
457 873 635 956 fastigium
649 877 763 958 potuit
778 877 942 959 aspirare.
966 877 1152 960 Caeterum,

205 978 281 1036 tota
296 973 370 1037 vita
381 973 516 1055 integer
538 973 576 1039 in
598 974 676 1052 lide,
691 975 776 1039 nihil
790 977 883 1058 quod
897 977 1024 1044 lamam
1046 979 1151 1045 laede-

203 1079 258 1136 ret
271 1072 462 1136 commisit:
486 1075 732 1139 monasterium
747 1094 885 1158 quoque
899 1070 1018 1141 ¹extre
1033 1095 1151 1144 muros

205 1169 417 1250 Canthariee,
447 1173 540 1254 quod
578 1181 678 1256 pater
705 1173 923 1253 fundaverat,
950 1176 1151 1260 ingentibus

130 1267 131 1272 ’
204 1271 344 1352 praedlis
367 1279 403 1336 et
421 1272 641 1355 amplissimis
655 1273 808 1338 donanis
828 1275 1039 1342 illustravit:
1062 1295 1150 1361 quo-

203 1389 280 1434 rum
303 1371 423 1435 laudes
444 1378 480 1435 et
504 1372 628 1436 merita
651 1393 771 1437 omnes
786 1373 895 1456 Angli
917 1376 1091 1458 suspicere
1113 1386 1149 1444 et

202 1469 391 1550 praedioare
405 1469 590 1548 debebunt,
604 1473 696 1554 quod
712 1472 944 1538 Christianam
955 1473 1057 1540 fidem
1079 1477 1150 1542 leni

201 1569 405 1634 credulitate
418 1576 455 1633 et
469 1571 609 1634 credula
621 1571 765 1636 lenitate
779 1570 920 1654 Angliae
937 1574 1150 1640 invelesoere

200 1668 429 1750 permiserint.
481 1668 570 1748 Quis
587 1672 678 1736 enim
700 1691 769 1735 non
785 1671 939 1755 jocunde
953 1675 1151 1755 speculetur

200 1775 370 1849 quantum
392 1769 550 1850 aequitati
571 1769 766 1848 conveniat,
788 1778 957 1853 quantum
978 1771 1150 1837 dulcedlni

200 1868 362 1932 concinat
375 1883 579 1950 responsum
600 1869 686 1934 illud
706 1871 799 1952 regis
814 1869 1033 1949 Ethelbirhti,
1055 1871 1149 1954 quod

200 1986 279 2030 eurn
303 1967 423 2049 primae
449 1968 687 2049 praedicationi
701 1967 892 2051 Augustini
912 1963 1030 2034 'Beda
1054 1979 1148 2036 retu·

199 2065 283 2129 lisse
299 2074 419 2131 namet
430 2068 567 2132 lunen
581 2087 684 2149 posse
700 2087 738 2132 ee
756 2088 855 2134 novae
870 2076 975 2133 sectae
990 2077 1062 2134 tam
1077 2071 1150 2136 cito

198 2166 353 2229 animum
374 2166 548 2244 adhibere,
577 2167 706 2232 relictis
732 2168 881 2233 cultibus
903 2187 991 2250 quos
1013 2187 1149 2252 semper

199 2266 394 2334 exercuerit
428 2285 506 2329 cum
535 2273 611 2332 tota
636 2264 831 2348 Anglorum
859 2273 982 2350 gente3
1021 2285 1148 2334 verun-

198 2371 318 2430 tamen
344 2365 440 2429 nulla
467 2365 546 2432 illos
571 2366 730 2430 molestia
757 2367 1026 2443 exacerbandos,
1061 2369 1146 2450 quin

198 2457 210 2494 ³
215 2463 334 2546 potius
347 2464 603 2546 praedinationis
617 2465 785 2547 permissu
800 2475 835 2530 et
848 2466 964 2549 amplo
976 2466 1070 2532 victu
1087 2467 1154 2551 ju·'

199 2564 344 2641 vandos,
360 2564 452 2648 quod
472 2571 544 2628 tam
565 2553 745 2647 longam'a
768 2566 877 2630 natali
898 2565 973 2630 solo
996 2568 1152 2648 peregri-

198 2663 374 2728 nationem
396 2663 611 2748 susceperint
632 2672 672 2728 ut
685 2663 812 2746 Anglis
830 2681 909 2746 quae
931 2666 1062 2746 optima
1084 2683 1149 2748 pu·

198 2764 322 2828 tabant
366 2763 559 2845 indulgenti
596 2763 810 2845 benignitate
845 2763 1154 2828 communicarent.-

200 2861 277 2926 Nec
291 2861 382 2926 inlla
389 2862 649 2945 promissionem
658 2862 784 2928 iactum
794 2862 860 2927 fuit
873 2855 1078 2939 *remissius
1086 2861 1148 2928 do-

200 2981 263 3026 nee
284 2963 414 3026 sensim
438 2963 621 3046 explorata
646 2962 725 3026 fidei
747 2961 893 3028 veritate
915 2974 950 3027 et
974 2962 1048 3044 ipse
1070 2981 1148 3026 cum

199 3060 364 3144 subjeetis
403 3079 546 3126 numero
573 3061 724 3125 fidelium
751 3063 903 3126 sociatus
936 3069 1001 3125 est.
1054 3060 1152 3140 Quid·

199 3159 289 3224 istel
312 3179 427 3225 nonne
442 3162 553 3245 primo
567 3168 721 3242 tempore
736 3162 847 3242 magis
862 3159 976 3224 carnis
986 3160 1150 3225 illecebra

199 3279 304 3341 quum
327 3259 433 3324 animi
457 3260 689 3325 obstinatione
718 3259 872 3338 devians,
903 3278 1063 3342 magnam
1095 3266 1149 3324 ta·

198 3353 290 3422 men‘
308 3353 390 3424 vitae
427 3360 629 3443 pontificum
663 3360 847 3424 exhibebat
880 3359 1149 3434 venerationem,

197 3471 345 3540 quorum
379 3458 577 3541 negligebat
601 3457 728 3522 tidem?
758 3454 917 3540 denique,
937 3468 977 3520 ut
996 3456 1082 3532 dixl‚
1105 3458 1149 3520 oh

198 3558 301 3622 unius
314 3557 416 3622 facile
432 3577 618 3623 conversus
636 3555 810 3642 injuriam,
826 3575 953 3637 magno
975 3561 1149 3618 momento

199 3651 472 3722 Christianitatis
487 3649 694 3739 ⁵augmentis
708 3657 786 3721 fuit.
818 3639 1150 3735 Amboigiturllau-

198 3755 342 3834 (labiles,
373 3759 474 3822 ambo
502 3756 695 3838 profusiora
722 3755 897 3839 praeconia
924 3752 1069 3830 emeriti,
1104 3752 1151 3818 si-

235 3961 241 3994 ¹
253 3962 338 4015 Extra
349 3981 430 4016 mures
443 3965 606 4029 centauria]
624 3965 661 4014 St.
722 3965 732 3994 ⁵
746 3953 917 4027 Auguralis]
927 3957 957 4007 S.
968 3958 1003 4007 D.
1012 3955 1044 4006 E.
1054 3953 1085 4004 L.
1095 3954 1150 4015 M.;

197 4037 378 4100 Augustine's.
688 4035 862 4094 augmentum,
874 4027 907 4077 A.
922 4029 952 4077 C.

234 4101 486 4169 *ammonaria
495 4117 513 4154 1.
523 4119 546 4154 o.
555 4104 663 4166 25‚§55.
1110 4162 1115 4174 ι
1132 4163 1139 4175 .

235 4172 664 4239 ⁸Potina]D.I·J.L.ll1.;etiam,tl.
725 4166 915 4230 ‘horahim
932 4165 966 4214 A.
984 4161 1059 4213 reads
1075 4154 1153 4211 ‘vlu'

236 4241 418 4307 menaeus]
427 4242 467 4295 -Α,
479 4245 514 4294 D.
526 4244 560 4294 Ε.
569 4243 600 4294 L.
610 4243 666 4302 M.;
692 4241 756 4289 ester
774 4237 932 4287 ‘laudabiles
939 4233 956 4296 ;'
973 4231 1002 4284 S.
1023 4235 1053 4283 C.
1071 4227 1105 4281 D.
1119 4229 1153 4282 Ε.

203 4315 233 4365 S.
247 4316 277 4364 0.
289 4313 525 4365 omit‘remissius.'
693 4311 723 4358 L.
736 4309 774 4357 M.
786 4305 940 4356 omit‘virl.'
986 4376 1003 4421 2

961 4385 977 4422 o
