3180 5048
206 512 275 557 nur.
294 494 350 574 11.]
427 509 541 557 suern
565 510 691 557 aneon
717 511 931 560 nucnonuu.
1096 493 1160 562 191

208 670 344 748 mirum,
376 669 459 752 quia
486 662 494 699 ¹
498 669 573 752 jam
601 668 793 734 duodennis
826 671 936 733 omnis
968 670 1160 736 literaturae

209 788 334 852 expers
359 769 437 833 fuit.
493 762 610 832 ²Tunc
637 788 720 832 vero
743 769 826 832 ludo
850 771 1010 852 benignae
1039 773 1161 836 matris

208 870 378 935 invitatus
406 876 447 933 ut
480 888 543 950 pro
574 887 714 932 munere
748 869 914 946 libellum,
950 889 1052 952 quem
1088 891 1161 953 prae

209 969 368 1033 manibus
401 969 554 1044 tenebat,
591 969 763 1050 acciperet
793 969 824 1031 si
854 969 923 1032 cito
954 968 1159 1048 addisceret,

205 1067 287 1151 joco
309 1068 428 1132 literas
455 1069 647 1148 ingressus
668 1067 835 1134 aviditate
862 1069 1041 1132 siticulosa
1066 1088 1160 1134 com·

209 1168 308 1231 bibit.
370 1167 530 1249 Denique
551 1166 734 1249 plurimam
756 1175 890 1249 partem
912 1166 1082 1232 Romanae
1108 1171 1160 1233 bi-

208 1267 390 1330 bliothecae
410 1263 605 1348 Anglorum
619 1266 759 1330 auribus
773 1266 879 1344 dedit,
902 1269 1053 1349 opimam
1070 1289 1160 1350 pree-

210 1367 290 1431 dam
312 1367 571 1448 peregrinarum
593 1365 757 1429 mercium
779 1367 906 1431 civium
933 1369 1052 1430 usibus
1077 1386 1159 1432 con-

210 1473 352 1530 vectans
366 1486 374 1544 ;
398 1466 497 1549 cujus
509 1466 677 1548 praecipui
689 1472 771 1529 sunt
784 1467 864 1530 libri
879 1461 1051 1544 ³Or0sius,
1071 1466 1159 1530 Pas·

211 1565 332 1628 totalis
349 1563 522 1646 Gregorii,
538 1564 650 1629 Gesta
659 1563 855 1646 Anglorum
866 1566 985 1642 Bedae,
998 1567 1159 1630 Booetius

212 1663 267 1727 De
278 1663 524 1729 Consolatione
534 1664 780 1746 Philosopbiae,
791 1665 878 1729 liber
887 1667 1047 1748 proprius
1057 1686 1159 1748 quem
1266 1713 1268 1717 .

211 1763 325 1844 patria
346 1764 468 1846 lingua
484 1757 746 1841 *Eucheridiom
769 1763 803 1826 id
821 1772 886 1841 est,
906 1766 1101 1829 manualem
1117 1767 1159 1828 li-

212 1863 531 1944 brum,appellavit.
565 1862 659 1941 Quin
671 1869 707 1926 et
717 1864 987 1945 provincialibus
996 1864 1160 1946 grandem

213 1981 365 2026 amorem
396 1962 588 2026 studiorum
619 1959 757 2038 infudit,
792 1962 855 2026 hos
885 1965 1049 2045 praemiis,
1081 1965 1160 2028 illos

210 2060 346 2144 injuriis
362 2061 532 2126 hortando
545 2082 554 2141 3
578 2062 748 2125 neminem
761 2062 964 2127 illiteratum
979 2062 1023 2126 ad
1038 2083 1159 2146 quam-

210 2161 295 2225 libet
308 2162 413 2224 curiae
426 2161 631 2242 dignitatem
644 2163 799 2244 aspirare
809 2163 1021 2244 permittens.
1060 2163 1161 2226 Psal-

211 2261 335 2325 terium
363 2260 550 2324 transferre
585 2280 784 2342 eggressus
820 2263 881 2326 vix
915 2261 1028 2344 prima
1063 2271 1163 2344 parte

211 2361 386 2442 explicata
409 2360 548 2425 vivendi
567 2361 670 2424 finem
685 2359 778 2424 fecit.
831 2361 875 2424 In
894 2356 1057 2443 ⁵prologo
1074 2361 1162 2426 Pas·

212 2460 332 2524 toralis
346 2458 430 2523 dicit
448 2479 486 2523 se
507 2460 633 2524 iccirco
656 2460 700 2522 ad
722 2461 999 2542 interpretandos
1014 2459 1162 2542 Anglice

211 2559 318 2622 libros
334 2559 536 2637 animatum,
559 2559 651 2643 quod
672 2560 839 2636 ecclesiae,
853 2561 890 2623 in
904 2561 1029 2643 quibus
1043 2581 1163 2624 nume-

212 2678 301 2722 rosae
329 2678 350 2722 a
382 2660 496 2742 prisco
529 2659 745 2723 bibliothecae
775 2660 1052 2737 continebantur,
1085 2680 1163 2724 cum

211 2757 322 2834 libris,
350 2776 372 2820 a
398 2759 510 2821 Danis
533 2759 683 2822 incensae
707 2758 799 2838 sint;
821 2767 1005 2842 propterea
1025 2761 1062 2822 in
1087 2767 1163 2824 tota

212 2857 329 2921 insula
344 2857 497 2920 studium
515 2858 694 2922 literarum
717 2858 895 2936 abolitum,
910 2858 1002 2942 quod
1017 2858 1162 2942 quisquo

212 2956 325 3038 magis
348 2964 526 3020 vereretur
549 2958 672 3039 capitis
696 2944 887 3040 periculum
911 2977 1016 3040 quam
1039 2978 1162 3040 seque-

212 3063 309 3119 retur
337 3055 502 3120 librorum
531 3056 745 3121 exercitium.
808 3057 1030 3141 Quapropter
1057 3078 1095 3122 se
1125 3060 1162 3122 in

211 3154 277 3219 hoc
300 3153 428 3237 Augus
452 3154 523 3219 suis
550 3157 794 3220 consulerent
820 3177 912 3221 nunc
941 3159 1162 3240 praelibarent

212 3256 448 3332 tumultuarie,
475 3255 568 3338 quod
595 3263 730 3338 postea,
760 3255 790 3318 si
812 3257 902 3321 forte
924 3277 997 3339 pax
1022 3258 1162 3335 rediret,

249 3515 329 3565 ¹Jam
346 3517 477 3567 dwdeaair
494 3518 571 3567 omna
593 3519 677 3568 litera-
702 3519 755 3566 The
768 3517 948 3579 Anglo-Saxon
965 3522 1065 3570 version
1081 3521 1110 3569 of
1122 3522 1162 3571 his

212 3592 275 3636 turoe
294 3601 380 3651 expers
388 3588 466 3651 suit]
484 3588 611 3637 Aelfred’s
621 3589 676 3638 lite·
702 3589 830 3637 universal
841 3587 938 3649 history
945 3589 992 3638 has
1003 3591 1067 3639 been
1077 3591 1163 3640 edited

211 3657 410 3718 raryeducation
420 3659 518 3718 maybe
529 3659 606 3707 dated
613 3658 676 3707 from
702 3658 737 3719 by
752 3659 850 3706 Daines
869 3659 1029 3721 Barrington,
1048 3661 1112 3708 with
1131 3676 1164 3710 an

212 3727 272 3776 llth
284 3727 578 3786 November,A.D.887.
615 3729 677 3795 (Αε-
703 3727 1164 3795 Englisbtranslation.(Londllld.)

212 3810 262 3857 ser,
273 3796 314 3844 De
325 3796 413 3846 Gestis
423 3794 560 3860 Aelfredi.)
738 3792 945 3866 ⁴Encberidion.]
963 3799 1164 3860 A.D.E.L.M.;

247 3863 333 3914 ”Tenc
343 3881 398 3913 cero
406 3868 461 3914 ludo
471 3867 581 3928 benigno
589 3867 677 3915 nubis
703 3866 838 3929 Hendboc‚
849 3868 878 3916 S.
893 3870 922 3917 C.
932 3869 966 3918 K.
1003 3870 1050 3918 See
1065 3869 1165 3919 Asser's

212 3929 356 4002 invitare]
371 3934 495 3996 Compare
506 3937 677 3986 Asserunder
702 3942 810 3986 account
822 3938 851 3985 oi
864 3938 917 3986 this
934 3939 1010 4000 book,
1029 3939 1080 3987 and
1099 3939 1166 3987 Mal-

211 4004 393 4064 theyearssoo.
702 4007 781 4056 mesb.
799 4008 841 4056 De
861 4008 934 4056 Gest.
953 4008 1048 4058 Pontis.
1077 4008 1165 4075 (Gale,

248 4071 258 4101 ³
272 4073 396 4137 Orosius]
415 4075 516 4124 Paulus
531 4074 640 4124 Orosius
651 4075 680 4124 ol
701 4076 751 4126 vol.
764 4090 805 4126 ιιι.
816 4092 844 4137 p.
857 4073 927 4139 ela.)

211 4142 364 4205 Tar-ragone,
381 4159 397 4192 a
407 4143 517 4205 Spanisb
529 4145 618 4206 priest,
633 4145 675 4195 the
736 4143 865 4207 5Ρνοὶοξο
876 4145 1037 4208 Perterrito]
1060 4147 1166 4196 Printed

212 4211 296 4260 friend
307 4212 336 4260 of
349 4213 386 4264 st.
397 4213 538 4275 Augustin,
548 4214 639 4275 bishop
650 4215 679 4262 of
700 4216 727 4262 in
737 4216 831 4264 Wise’s
842 4215 936 4264 edition
950 4215 979 4264 oi
987 4217 1076 4279 Asser,
1086 4232 1112 4278 p.
1125 4221 1154 4265 81
1158 4251 1167 4280 ‚

213 4281 328 4345 Hippon,
356 4283 492 4332 flourished
514 4286 548 4333 A.
558 4283 593 4333 D.
616 4288 674 4333 417.
701 4284 784 4334 Oxon.
795 4288 868 4335 1⁷22.
