3180 5048
408 504 474 570 286
638 521 752 569 casm
775 521 902 568 escun
927 517 1142 567 Anononuu.
1222 502 1309 584 [nm.
1324 518 1364 564 ιι,

410 679 487 741 aliis
519 678 652 741 duobus
675 679 840 742 continuo
872 677 1012 753 efflavit,
1044 676 1161 740 caeteri
1191 676 1363 740 continuis

410 779 520 842 tribus
532 778 651 841 diebus
667 785 702 842 et
717 778 875 842 noctibus
887 777 1130 854 dormivimus3
1148 775 1256 856 aliqui
1265 783 1361 858 post·

410 896 452 942 ea
475 878 635 941 obierunt
657 884 692 941 et
713 876 888 941 miraculis
918 883 1114 952 coruscant,
1140 875 1258 940 caeteri
1285 895 1360 958 poe-

411 996 490 1042 nam
506 981 605 1040 suam
620 984 768 1042 tremore
782 976 1011 1041 membrorum
1028 975 1203 1058 produnt.'
1255 976 1360 1040 Datae

409 1085 493 1142 sunt
507 1077 606 1141 nobis
629 1076 684 1141 hae
704 1076 814 1141 literae
837 1095 859 1140 a
872 1076 1012 1140 domino
1031 1075 1233 1156 Peregrino,
1249 1069 1359 1151 ¹beati

411 1176 578 1241 Herberti
608 1196 819 1254 successore,
850 1195 942 1240 anno
973 1176 1167 1240 Dominicae
1201 1176 1362 1240 incarna-

412 1277 516 1341 tionis
530 1277 711 1341 millesimo
726 1277 830 1341 tertio
844 1274 986 1340 decimo.

462 1469 510 1514 DE
534 1467 702 1515 Episcopo
724 1466 946 1514 TURPISSIMO
970 1467 1013 1514 ΕΤ
1037 1465 1238 1528 RELIGIOSO,
1264 1447 1307 1512 ΕΤ

471 1546 473 1548 ¹
703 1567 878 1615 ΜΟΝΑΟΗΑ
903 1567 1067 1614 INCESTA.

464 1675 575 1758 §fo
600 1675 645 1739 In
669 1675 735 1738 hac
760 1675 845 1739 urbe
860 1673 969 1761 (quae,
992 1674 1075 1739 olim
1098 1674 1295 1759 Agrippina
1321 1678 1365 1741 ab

413 1774 573 1858 Agrippa
598 1795 726 1857 genero
740 1774 893 1856 Augusti
909 1775 1014 1852 dicta,
1029 1783 1153 1858 postea
1175 1795 1197 1839 a
1210 1776 1365 1860 Trajano

413 1875 620 1957 imperatore
636 1874 783 1939 Colonia
797 1874 1020 1939 denominata
1035 1881 1100 1951 est,
1115 1869 1234 1959 ²quod,
1249 1877 1286 1938 in
1300 1877 1364 1939 im-

414 1976 547 2058 perium
570 1975 727 2052 allectus,
742 1974 894 2039 colonias
918 1974 1044 2039 civium
1062 1975 1300 2040 Romanorum
1323 1996 1364 2040 eo

362 2121 365 2128 -
413 2072 708 2160 deduxerit,)—in
724 2075 802 2151 hac,
817 2074 971 2156 inquam,
984 2073 1127 2138 civitate
1143 2075 1210 2139 fuit
1231 2074 1364 2157 opisco-

415 2193 480 2256 pus
495 2174 647 2257 quidam,
672 2175 860 2257 praeclarus
885 2174 1051 2256 religione
1073 2175 1231 2257 quamvis
1254 2175 1365 2257 turpis

415 2294 571 2356 corpore,
602 2274 701 2358 cujus
727 2294 834 2338 unum
858 2274 1074 2350 miraculum,
1100 2275 1192 2357 quod
1214 2276 1365 2338 moriens

415 2375 591 2456 praedixit,
615 2374 783 2454 referam3
808 2374 838 2438 si
862 2375 958 2457 prius
985 2374 1118 2451 dixero,
1141 2394 1247 2456 quam
1271 2374 1363 2438 inso-

382 2535 384 2542 ,
413 2475 497 2538 litus
526 2492 628 2538 casus
659 2493 737 2538 eum
766 2474 803 2538 in
834 2482 933 2540 tanto
964 2473 1112 2538 culmine
1134 2473 1363 2556 fastigaverit.

415 2574 612 2657 Imperator
635 2581 737 2638 terrae
767 2575 873 2651 illius,
900 2574 1086 2638 Dominica
1113 2573 1175 2637 illa
1203 2594 1281 2657 quae
1304 2594 1366 2639 vo·

414 2681 514 2738 catur
529 2673 839 2756 Quinquagesima,
855 2680 1018 2738 venatum
1032 2693 1193 2757 pergens,
1210 2675 1306 2738 solus
1322 2674 1366 2738 ad

414 2792 510 2840 oram
532 2774 642 2858 sylvae
666 2774 818 2852 devenit,
843 2774 1001 2838 omnibus
1028 2773 1210 2838 comitibus
1236 2774 1366 2856 disper-

413 2873 475 2951 sis,
485 2875 592 2958 juxta
612 2893 716 2957 quam
737 2874 887 2949 habebat
903 2872 1082 2938 ecclesiam
1104 2874 1163 2937 ille
1185 2874 1365 2957 presbyter

413 2975 573 3055 agrestis,
597 2973 759 3037 deformis
783 2993 879 3050 sane,
904 2980 940 3037 et
965 2993 1052 3057 peno
1081 2980 1279 3056 portentum
1302 2992 1364 3037 na·

413 3079 510 3137 turae.
565 3073 772 3155 Imperator,
797 3073 940 3137 militem
965 3093 1002 3136 se
1027 3075 1205 3152 mentitus,
1234 3072 1365 3156 suppli·

413 3173 500 3236 citer
524 3173 667 3236 missam
688 3181 811 3254 rogat3
838 3173 897 3236 ille
926 3172 1107 3237 confestim
1129 3179 1251 3256 parat:
1276 3173 1366 3236 alter

412 3273 546 3337 interea
567 3272 732 3338 volvebat
753 3275 868 3336 animo
890 3291 999 3356 quare
1025 3274 1135 3350 Deus,
1157 3292 1180 3336 a
1201 3293 1271 3355 quo
1293 3271 1363 3335 for-

401 3392 510 3458 mosa
532 3380 657 3438 cuncta
679 3373 882 3455 procedunt,
896 3378 968 3437 tam
982 3372 1168 3437 deformem
1192 3372 1365 3436 hominem

412 3480 630 3538 sacramenta
652 3493 716 3537 sua
737 3473 907 3537 conficere
928 3473 1067 3538 sineret.
1109 3472 1199 3537 Mox
1216 3492 1295 3536 cum
1320 3472 1364 3536 ad

412 3593 551 3637 versum
575 3580 707 3638 tractus
732 3581 875 3637 ventum
897 3579 1001 3649 esset,
1023 3572 1177 3637 ‘Scitote
1199 3573 1363 3654 quoniam

414 3672 585 3737 Dominus
613 3673 688 3755 ipse
727 3679 781 3737 est
810 3672 931 3749 Daue,'
962 3672 1135 3750 sacerdos,
1171 3672 1364 3737 socordiam

413 3774 511 3854 pueri
528 3771 708 3836 familiaris
732 3773 957 3855 increpitans,
979 3773 1146 3854 respexit,
1160 3779 1196 3838 et
1210 3771 1363 3836 concita-

413 3873 494 3936 tiori
508 3891 603 3948 voce,
613 3872 714 3954 quasi
727 3872 896 3953 cogitanti
910 3872 1111 3954 imperatori
1127 3872 1361 3955 responderet,

412 3972 514 4049 dixit,
528 3977 538 4006 ‘
550 3972 632 4055 Ipse
643 3972 725 4036 fecit
739 3992 814 4049 nos,
830 3978 865 4036 et
880 3992 949 4036 non
968 3970 1036 4054 ipsi
1051 3972 1138 4035 nos.’
1175 3971 1256 4050 Quo
1271 3972 1364 4035 dicto

412 4280 435 4331 Δ
449 4209 456 4238 ¹
459 4209 569 4331 biuga]
585 4215 615 4263 C.
628 4212 663 4264 D.
672 4215 704 4264 E.
716 4231 723 4274 ς
734 4213 838 4262 omitted
850 4214 876 4260 in
905 4206 1054 4331 cssffussd']
1072 4213 1121 4276 E.;
1139 4213 1207 4274 quod
1224 4213 1270 4276 ibi,
1289 4213 1322 4263 A.
1335 4213 1365 4262 S.
