3150 5046
419 465 485 529 330
644 478 758 528 ousrr
782 479 910 527 nueuu
934 479 1147 527 luctemur.
1230 464 1317 546 [nra.
1334 479 1374 527 11.

421 644 551 701 nosset.
604 637 698 701 Nam
720 634 803 702 dum
827 636 978 720 quadam
991 638 1068 702 vice
1082 642 1248 701 venatum
1275 638 1371 712 isset,

422 744 458 800 et
482 737 631 818 agrestis
648 737 790 820 quidam
812 736 989 801 stabulata
1010 736 1072 800 illa
1094 737 1220 819 quibus
1241 737 1278 799 in
1295 755 1370 801 cas-

422 856 478 900 ses
505 836 598 900 cervi
629 844 798 918 urgentur
824 836 1049 913 confudisset,
1076 835 1135 900 ille
1168 854 1233 900 sua
1263 836 1370 900 nobili

421 937 575 1018 percitus
603 936 669 1012 ira,
703 935 796 999 ‘Per
819 935 958 1013 Deum,'
986 935 1112 1017 inquit,
1144 940 1200 999 ‘ct
1223 942 1369 998 matrem

422 1036 511 1120 ejusr,
536 1035 740 1099 tantundem
763 1036 827 1098 tibi
849 1035 981 1100 nocebo
1007 1035 1038 1098 si
1063 1033 1210 1117 potero.¹
1260 1035 1369 1116 Egre-

423 1136 501 1216 gius
519 1135 666 1212 animuS‚
684 1135 744 1217 qui
764 1153 802 1198 se
826 1154 943 1216 regem
960 1135 997 1197 in
1012 1133 1141 1197 talibus
1165 1153 1234 1197 non
1251 1135 1369 1198 memi-

423 1235 543 1312 nisset,
569 1252 633 1298 ncc
654 1233 800 1319 abjectae
824 1233 1033 1298 conditionis
1058 1233 1188 1297 homini
1207 1253 1245 1296 se
1268 1253 1370 1314 posse

422 1353 545 1397 nocere
562 1340 710 1415 putaret.
764 1333 851 1397 Erat
873 1335 1005 1397 interea
1027 1331 1103 1417 ejus
1120 1330 1213 1414 apud
1234 1333 1369 1396 domes-

423 1433 511 1496 ticos
535 1433 729 1497 reverentia
754 1432 951 1510 vehemens,
977 1432 1070 1515 apud
1098 1439 1237 1496 exteros
1257 1439 1370 1496 metus

402 1533 577 1613 ,ingens3
615 1532 757 1596 fovebat
795 1532 951 1615 profecto
995 1532 1071 1616 ejus
1113 1531 1369 1614 simplicitatem

424 1632 534 1710 DeuS,
553 1640 594 1696 ut
614 1640 732 1714 posset
750 1633 863 1696 timeri
878 1632 939 1713 qui
955 1631 1104 1695 nesciret
1122 1631 1238 1694 irasci.
1290 1631 1369 1709 Sed,
1438 1651 1446 1660 ·

424 1733 583 1813 quamvis
593 1725 675 1812 ,¹vel
690 1732 790 1796 deses
806 1731 862 1796 vel
885 1731 1034 1813 simplex
1055 1736 1249 1813 putaretur,
1266 1729 1371 1794 habe-

423 1831 485 1894 bat
506 1832 650 1895 comites
668 1832 727 1913 qui
750 1851 829 1895 eum
852 1849 898 1893 ex
919 1830 1040 1893 humili
1056 1831 1094 1892 in
1110 1829 1220 1894 altum
1240 1849 1369 1894 conan-

424 1937 494 1994 tem
524 1930 708 2012 erigerent.
768 1923 980 1994 ²siwardum
1019 1929 1370 2007 Northimbrensium,

424 2029 496 2111 qui,
516 2029 621 2112 jussu
647 2030 724 2113 ejus
754 2049 833 2093 curn
864 2029 1046 2094 Scotorum
1072 2048 1155 2110 rege
1182 2027 1370 2092 Macbetha

422 2147 642 2210 congressus,
668 2129 745 2193 vita
766 2147 943 2211 regnoque
965 2128 1152 2210 spoliavit3
1174 2125 1370 2211 ibidemque

423 2221 680 2304 ³Malcolmum,
697 2227 807 2290 filium
822 2229 915 2309 regis
931 2226 1172 2306 cumbrorum,
1190 2247 1306 2308 regem
1317 2228 1370 2291 iu·

422 2327 548 2391 stituit.
601 2326 774 2391 Lefricum
790 2326 1110 2405 Herefordensium,
1122 2328 1182 2410 qui
1194 2347 1274 2391 eum
1287 2347 1369 2391 con-

422 2433 478 2490 tra
504 2426 699 2491 simultates
716 2419 899 2491 *Godwini
916 2427 1036 2491 favore
1062 2426 1249 2508 magnifico
1274 2433 1369 2490 tuta·

422 2528 537 2604 batur,
569 2525 662 2608 quod
691 2527 750 2590 ille
776 2527 903 2590 fidente
929 2527 1142 2591 conscientia
1168 2526 1370 2590 meritorum

422 2628 536 2690 minus
564 2646 681 2707 regem
703 2633 929 2690 revereretur.
983 2625 1162 2689 Leofricus
1184 2645 1263 2689 cum
1287 2645 1370 2689 con·

417 2727 433 2811 j
438 2747 505 2808 ugo
522 2725 672 2803 Godiva,
688 2727 724 2788 in
741 2726 809 2789 Dei
831 2726 934 2788 rebus
949 2725 1144 2802 munificus,
1160 2725 1371 2789 monasteria

423 2826 535 2889 multa
572 2826 772 2905 constituit3
811 2824 1040 2902 coventreiae,
1081 2832 1213 2888 sanctae
1245 2824 1371 2888 Mariae

423 2926 543 3002 Stoue,
568 2923 752 3002 Wenelok,
786 2924 977 3003 Leonense,
1008 2931 1045 2988 et
1075 2924 1243 2988 nonnulla
1275 2924 1370 2988 alia:

423 3025 558 3088 caeteris
580 3031 784 3087 ornamenta
799 3031 835 3088 et
850 3022 994 3105 praedia,
1011 3022 1229 3089 coventreiae
1244 3043 1371 3106 corpus
1399 3049 1402 3054 ·

423 3143 524 3186 suum
540 3142 619 3186 cum
634 3121 787 3187 maximo
809 3130 982 3206 apparatu
1001 3118 1080 3186 'auri
1103 3130 1139 3186 et
1160 3123 1296 3204 argenti
1309 3123 1369 3186 de-

423 3222 567 3303 legavit.
611 3215 822 3285 ⁵Haroldum
832 3222 1132 3287 west-Saxonum
1148 3223 1257 3287 filium
1273 3221 1370 3287 God-

423 3323 516 3399 wini,
532 3322 593 3404 qui
614 3322 702 3385 duos
727 3322 853 3386 fratres
878 3342 977 3404 reges
994 3322 1225 3399 Walensium,
1248 3321 1314 3386 Ris
1337 3329 1372 3386 et

422 3421 618 3499 Griffinum,
643 3422 787 3485 solertia
813 3440 878 3485 sua
905 3422 941 3485 in
973 3429 1118 3486 mortem
1146 3421 1269 3504 egerit,
1297 3441 1370 3485 om-

457 3632 465 3666 ¹
482 3635 625 3699 Veleiates]
642 3634 677 3685 A.
693 3635 723 3686 S.
737 3638 767 3687 G.
779 3637 815 3688 D.
833 3637 865 3688 L.
874 3653 882 3698 ;
943 3634 954 3666 ⁸
972 3633 1151 3696 Maledictum]
1177 3637 1298 3688 Malcolm
1319 3638 1372 3688 111.

420 3705 525 3754 omitted
534 3705 562 3753 in
573 3706 607 3755 E.
908 3707 955 3755 See
978 3713 1036 3756 note
1057 3705 1078 3769 ⁵,
1102 3723 1129 3769 p.
1157 3711 1214 3773 3⁰3,
1236 3709 1288 3757 aud
1310 3709 1372 3760 Sex.

456 3771 619 3824 ²Siwardam
682 3774 817 3839 spoliavit]
828 3776 883 3825 The
908 3776 1003 3827 chron.
1014 3777 1084 3827 ΑΒ.
1097 3780 1171 3827 1067.

422 3845 508 3894 Saron
525 3844 660 3895 Chronicle
680 3849 758 3895 states
780 3846 883 3895 theton

421 3915 464 3977 tlte
486 3915 541 3975 day
556 3914 586 3962 oi
603 3915 646 3964 the
668 3915 750 3964 Seven
767 3916 883 3977 Sleepars
942 3909 1106 3983 ⁴Godaodad]
1124 3915 1174 3965 For
1185 3931 1218 3965 an
1228 3921 1336 3965 account
1346 3916 1376 3966 ol

421 3983 494 4050 (arth
505 3980 592 4048 July),
600 3985 671 4034 Λ.Ι).
684 3989 759 4046 roal,
771 3985 832 4035 Earl
844 3987 883 4034 Si·
908 3985 1042 4044 Godwin's
1053 3987 1184 4048 rebellior,
1195 3985 1242 4034 duc.
1254 4001 1297 4036 see
1309 3987 1370 4039 sax.

421 4054 495 4102 ward
510 4059 579 4103 went
600 4055 663 4103 with
685 4069 702 4103 a
722 4055 794 4117 large
811 4071 883 4117 army
908 4056 1085 4106 curenno.
1098 4059 1257 4120 1⁰51,1052.

421 4125 523 4185 against
538 4125 667 4186 scotland,
678 4125 738 4186 and,
755 4127 883 4188 engaging

421 4193 482 4242 with
494 4193 536 4242 tlre
548 4195 630 4259 Scots,
641 4195 672 4243 he
684 4199 732 4258 put
744 4195 881 4246 Macbeoth
943 4191 953 4221 ⁵
965 4195 1125 4259 Horridum]
1137 4195 1297 4246 Astcrwards
1310 4196 1372 4259 king

422 4262 538 4325 toflight.
907 4263 1072 4326 ofEngland.
1139 4265 1140 4270 ’
