3180 5048
236 483 380 565 mn.11.]
464 501 578 550 enses
602 501 728 552 nncuu
753 505 965 554 Aucnosuu.
1122 489 1187 556 281

235 667 363 723 nostrae
391 662 630 726 tantummodo
655 662 845 740 irritantes
873 684 944 728 non
969 663 1073 728 etiam
1105 662 1189 726 sorni

236 757 379 823 fecimus
396 760 495 824 satis.
549 760 696 827 Postero
711 763 778 840 dic,
792 764 920 829 collato
935 763 1091 840 consilio,
1114 783 1188 827 ma·

237 859 385 939 gistrum
400 860 572 943 quendam
596 861 689 925 illius
715 864 880 947 temporis
903 859 1102 941 ¹adivimus,
1128 863 1189 945 qni

237 957 417 1024 dicebatur
430 979 556 1024 nomen
580 962 721 1026 Domini
744 962 916 1027 ineffabile
942 963 1051 1029 scire:
1082 964 1189 1028 inter·

237 1067 381 1141 rogetus
403 1061 584 1124 scientiam
607 1082 678 1126 non
698 1062 884 1142 inficiatur,
907 1063 1073 1147 adjiciens
1097 1062 1190 1146 quod
1293 1069 1295 1074 '

151 1175 154 1180 ’
238 1165 339 1222 tanta
351 1168 444 1224 esset
458 1160 534 1245 ejus
549 1163 697 1226 nominis
710 1163 834 1241 virtus,
850 1164 1001 1227 utnulla
1016 1164 1048 1227 ei
1062 1163 1190 1244 magia,

238 1257 335 1322 nulle
348 1259 525 1337 mathesis
540 1262 708 1328 obsistere
721 1270 850 1345 posset.
888 1263 947 1328 Ita
959 1262 1069 1328 multo
1079 1263 1191 1345 pretio

239 1359 450 1442 redemptus,
459 1360 602 1445 jejunus
614 1369 649 1426 et
661 1353 865 1440 ²confessus,
875 1383 938 1427 nos
955 1363 1075 1427 eodem
1089 1363 1192 1427 modo

241 1465 384 1540 paratos
408 1460 511 1525 duxit
528 1461 572 1526 ad
587 1461 730 1528 sontem.
782 1464 837 1527 De
860 1482 930 1546 quo
953 1463 1079 1526 hausta
1100 1482 1193 1546 aqua

241 1558 278 1621 in
292 1559 373 1624 fiala
385 1566 563 1642 argentea,
587 1567 706 1627 tacens
727 1563 847 1645 digitis
870 1564 991 1627 literas
1007 1563 1192 1645 figurabat,
1208 1571 1210 1578 '

241 1657 350 1722 donec
370 1660 480 1724 oculis
496 1660 732 1726 intelleximus
756 1663 848 1746 quod
871 1683 931 1727 ore
953 1661 1050 1727 effari
1072 1663 1193 1745 nequi-

240 1778 369 1824 remus.
408 1759 509 1824 Tunc
523 1760 730 1828 fiducialiter
743 1764 788 1827 ad
801 1771 954 1828 montem
964 1763 1172 1827 accessimus
1183 1783 1192 1841 3

242 1857 303 1921 sed
322 1859 456 1924 exitum
478 1859 676 1926 ulteriorem
694 1882 716 1927 a
731 1863 943 1928 daemonibus
966 1863 1068 1927 credo
1086 1863 1193 1927 obsti-

243 1964 363 2040 patum
391 1959 605 2039 offendimus,
637 1962 871 2028 invidentibus
906 1962 1038 2027 scilicet
1064 1963 1194 2040 nomini

243 2056 397 2137 Domini,
412 2061 504 2142 quod
519 2079 637 2125 eorum
652 2069 846 2128 commento
859 2062 1042 2127 refelleret.
1086 2062 1195 2126 Venit

243 2177 344 2222 mane
375 2157 420 2223 ad
449 2181 505 2224 me
527 2159 800 2243 nigromanticus
825 2163 848 2227 J
852 2164 983 2240 udaeuS,
1006 2181 1107 2245 quem
1131 2181 1194 2225 an·

243 2257 317 2322 dite
340 2267 517 2340 gestorum
542 2260 636 2325 fame
659 2264 858 2343 exciverat;
882 2271 1195 2346 percunctatusque

243 2377 328 2436 rem,
356 2361 415 2424 nbi
439 2360 632 2427 socordiam
657 2370 811 2426 nostram
835 2363 980 2446 accepit,
1004 2363 1114 2426 multo
1137 2382 1194 2426 ca-

240 2458 369 2522 chinno
384 2460 487 2524 bilem
505 2463 712 2540 succutiens,
727 2462 857 2541 “Quin
871 2464 945 2541 tu,'’
959 2463 1083 2544 inquit,
1102 2467 1124 2496 “
1141 2462 1194 2526 vi·

147 2553 154 2578 ⁸
243 2557 339 2637 deas,
350 2559 478 2638 licebit,
488 2568 657 2644 quantum
671 2563 829 2645 potentia
843 2582 929 2627 meae
945 2563 1030 2626 artis
1043 2561 1195 2628 valeat?

245 2657 292 2722 Et
319 2661 562 2726 incunctanter
592 2669 745 2727 montem
776 2663 957 2740 introiens,
988 2681 1058 2726 non
1084 2662 1195 2725 multo

244 2765 325 2841 post
350 2779 510 2842 egressus
532 2768 596 2838 est,
618 2762 731 2826 multa
752 2781 830 2845 queo
850 2762 942 2828 ultra
965 2761 1107 2825 fluvium
1132 2781 1195 2848 no·

245 2865 401 2923 taveram
425 2861 469 2925 ad
488 2862 652 2925 indicium
675 2862 844 2927 transitus
862 2864 919 2928 sui
938 2861 1096 2939 efferens,
1119 2862 1197 2943 pul·

245 2978 361 3022 verem
383 2979 468 3025 sane
490 2961 812 3044 locupletissimum,
834 2982 904 3045 quo
926 2961 1090 3046 quicquid
1115 2979 1197 3025 con·

246 3059 439 3140 tingeretur
462 3061 499 3125 in
522 3081 645 3127 eurum
669 3062 903 3142 flavescebat3
935 3082 1005 3126 non
1028 3060 1121 3143 quod
1144 3061 1196 3125 ita

245 3178 309 3241 pro
345 3179 428 3224 vero
459 3168 567 3240 esset,
591 3162 654 3226 sed
686 3164 769 3245 quia
797 3163 850 3228 ita
879 3163 1055 3227 videretur
1080 3161 1195 3243 quoad

243 3277 339 3340 aqua
369 3260 577 3328 dilueretur:
615 3261 702 3326 nihil
738 3261 829 3326 enim
862 3262 954 3344 quod
988 3281 1049 3344 per
1078 3262 1196 3342 nigro-

246 3358 411 3422 mantiam
427 3361 467 3425 fit
481 3368 597 3443 potest
612 3362 650 3425 in
670 3379 764 3444 aqua
783 3369 964 3444 aspectum
987 3361 1196 3424 intuentium

246 3456 376 3523 fallere.
437 3459 628 3527 Confirmat
649 3463 833 3526 veritatem
855 3460 1023 3526 sermonis
1041 3459 1120 3536 mci,
1140 3478 1195 3523 res

245 3577 323 3640 quae
338 3565 493 3643 tempore
506 3562 626 3626 eodem
640 3561 836 3627 acciderat!

282 3857 454 3926 111111111”11111,1.]
472 3863 502 3914 C.
522 3865 554 3915 Ε.
570 3865 620 3926 L.;
636 3863 711 3913 audi·
769 3859 942 3925 'Cmtscssaod
961 3858 994 3910 11.
1008 3861 1037 3912 S.
1050 3861 1080 3912 C.
1093 3862 1127 3912 D.
1145 3863 1196 3924 E.;

246 3933 339 3994 vimus,
349 3931 383 3982 A.
397 3932 426 3983 S.
439 3932 475 3984 D.
733 3932 865 3995 confusus,
876 3933 907 3982 L.
