3190 5060
238 501 366 590 mnu]
460 523 574 573 onsrn
600 524 730 573 nuouu
757 523 969 574 anononuu.
1132 497 1197 574 113

237 675 386 761 agimus.
457 679 559 760 Quod
600 679 684 747 uero
715 682 909 764 legitimum
939 681 1194 747 matrimonium

238 780 386 861 sperniS,
401 780 431 843 si
458 801 521 863 pro
543 783 706 847 castitate
730 783 873 859 facereS,
890 789 982 846 esset
998 783 1192 851 laudabile:

238 878 298 942 sod
326 881 410 961 quia
435 880 471 943 in
501 881 642 945 luxuria
665 883 759 946 etin
783 882 953 948 adulterio
978 881 1083 946 etiam
1116 902 1194 950 cum

237 979 558 1044 sanctimonialibus
597 981 778 1058 volutaris,
812 989 866 1045 est
896 981 1125 1063 vituperabile
1158 991 1194 1048 et

237 1076 455 1159 damnabile;
480 1099 560 1144 nam
577 1087 613 1145 et
638 1080 766 1146 lamam
790 1081 911 1162 gloriae
926 1088 1053 1145 vestrae
1075 1099 1191 1145 coram

238 1176 316 1241 Deo
331 1184 367 1241 et
384 1178 581 1243 hominibus
606 1179 798 1256 confundit,
815 1189 851 1244 et
872 1180 963 1244 inter
987 1180 1191 1245 idololatras

237 1278 429 1354 constituit,
462 1279 545 1361 quia
577 1280 745 1361 templum
778 1280 846 1343 Dei
879 1279 1031 1343 violasti.
1093 1277 1190 1358 Qua·

237 1384 389 1458 propter,
407 1377 456 1440 fili
469 1378 657 1455 carissimo,
672 1372 819 1461 ¹poenite
830 1385 866 1442 et
882 1397 1071 1443 memorare
1086 1398 1190 1461 quam

238 1483 338 1558 turpe
362 1476 420 1552 sit,
448 1484 488 1541 ut
515 1484 566 1553 tu,
590 1478 650 1560 qui
676 1478 795 1563 multis
818 1477 1097 1559 gentibus'dono
1123 1478 1191 1543 Dei

238 1574 439 1652 dominaris,
463 1576 507 1639 ad
532 1577 696 1661 injuriam
718 1578 793 1662 ojus
815 1578 863 1641 sis
882 1577 1033 1640 libidinis
1056 1597 1188 1642 servus

238 1672 447 1739 Audivimus
470 1684 638 1758 praeterea
652 1677 744 1759 quod
762 1677 946 1758 optimates
960 1695 1048 1758 pene
1070 1681 1190 1741 omnes

238 1774 353 1854 gentis
372 1774 582 1840 Marciorum
604 1783 665 1840 tuo
682 1776 842 1858 exemplo
865 1774 1038 1856 legitimas
1061 1794 1189 1840 uxores

236 1873 409 1950 deserant,
432 1881 468 1938 et
489 1875 665 1941 adulteras
690 1883 726 1940 et
742 1873 1023 1940 sanctimoniales
1048 1883 1189 1938 constu-

236 1980 359 2054 prent;
381 1975 486 2055 quod,
503 1994 607 2057 quam
630 1975 677 2039 sit
698 1975 916 2058 peregrinum
934 1975 978 2038 ab
994 1974 1188 2052 honestate,

225 2072 360 2137 -dooeat
373 2093 436 2138 vos
462 2074 584 2140 alienae
610 2077 724 2156 gentis
748 2074 944 2138 institutio:
968 2093 1048 2137 nam
1070 2074 1107 2136 in
1125 2093 1187 2138 an·

234 2172 334 2255 tique
353 2173 517 2250 Saxonis,
532 2174 592 2237 ubi
614 2175 711 2238 nulla
736 2181 790 2238 est
813 2172 943 2239 Christi
970 2173 1135 2255 cognitio,
1158 2175 1188 2237 si

226 2273 337 2354 uirgo
352 2273 388 2336 in
404 2280 551 2354 paterna
570 2274 683 2351 domo,
698 2274 755 2339 vel
769 2275 933 2337 maritata
948 2274 1013 2337 sub
1028 2273 1188 2357 conjuge,

237 2371 340 2436 fuerit
376 2372 583 2450 adulterata,
620 2393 725 2437 manu
760 2374 903 2456 propria
935 2372 1188 2454 strangulatam

236 2479 402 2548 cremant,
425 2479 461 2537 et
483 2491 589 2554 snpra
613 2471 743 2537 fossam
775 2473 920 2555 sepultae
951 2479 1188 2555 corruptorem

236 2571 471 2653 suspenduut3
488 2579 560 2649 aut,
576 2572 717 2654 cingulo
727 2579 829 2636 tenus
842 2572 997 2637 vestibus
1014 2571 1187 2649 abscissis,

237 2668 416 2752 flagellant
443 2690 519 2735 eam
541 2677 647 2735 castae
676 2678 845 2736 matronae
867 2678 903 2735 et
926 2670 1075 2734 cultellis
1098 2690 1187 2752 pun-

235 2778 335 2850 gunt,
349 2777 385 2834 et
401 2770 542 2835 darilla
562 2771 599 2834 in
615 2770 735 2836 villam
753 2771 867 2836 missae
882 2777 1068 2834 occurrunt
1087 2789 1188 2833 novae

235 2868 491 2950 flagellatrices,
504 2870 613 2935 donee
628 2869 838 2936 interimant.
877 2869 1027 2951 Insuper
1042 2875 1077 2933 et
1091 2861 1186 2932 ²Wi-

235 2968 327 3047 nodi,
345 2969 437 3051 quod
452 2976 506 3034 est
519 2969 746 3034 foedissimum
769 2989 878 3051 genus
892 2969 1080 3046 hominum,
1095 2967 1187 3032 hunc

225 3067 502 3133 -habentmorem
515 3090 524 3149 3
539 3076 579 3133 ut
596 3069 729 3146 mulier,
744 3069 819 3133 viro
834 3076 983 3144 mortuo,
1000 3087 1037 3133 se
1051 3068 1087 3130 in
1101 3087 1186 3149 rogo

236 3168 378 3231 cremati
400 3169 531 3250 pariter
552 3187 674 3232 arsura
688 3168 893 3252 praecipitet.
947 3167 984 3232 Si
1001 3188 1085 3249 ergo
1100 3187 1185 3248 gen»

235 3266 325 3344 tiles,
338 3267 452 3330 Deum
467 3268 679 3348 ignorantes
694 3274 830 3333 tantum
847 3267 958 3331 zelum
972 3267 1185 3331 castimoniae

235 3364 375 3443 habent,
407 3365 490 3448 quid
518 3365 582 3430 tibi
616 3367 791 3443 convenit,
822 3366 873 3429 fili
905 3366 1091 3442 carissime,
1126 3367 1186 3446 qui

235 3464 455 3531 Christianus
471 3473 507 3530 et
526 3464 589 3530 rex
606 3468 670 3530 esi
723 3466 833 3530 Parce
851 3484 934 3546 ergo
951 3465 1074 3528 animae
1089 3471 1159 3527 tuae
1173 3484 1182 3542 ;

234 3585 337 3647 parce
355 3565 567 3629 multitudini
591 3565 712 3648 populi
734 3573 795 3630 tuo
815 3563 991 3645 pereuntis
1013 3563 1184 3646 exemplo,

235 3664 277 3728 de
308 3684 455 3746 quorum
489 3665 669 3729 animabus
701 3665 897 3728 redditurus
933 3681 970 3725 es
1004 3662 1184 3727 rationem.

234 3760 388 3830 Attende
410 3771 446 3828 et
471 3763 579 3829 illud:
604 3763 747 3847 quodsi
771 3783 856 3846 gens
872 3759 1080 3844 Anglorum,
1096 3762 1187 3826 sicut

270 4069 410 4134 ¹Poeuite.]
426 4069 461 4120 A.
479 4072 508 4122 C.
526 4073 558 4121 Ε.
575 4072 623 4132 L.;
642 4087 698 4133 poe·
722 4071 809 4120 seated
828 4086 861 4120 on
879 4070 921 4119 the
938 4070 1049 4130 Vistula,
1064 4084 1125 4118 naar
1142 4069 1185 4120 the

232 4145 311 4208 niteat
322 4146 357 4203 to,
369 4141 415 4203 S.;
431 4144 565 4202 poenitere,
576 4142 610 4192 D.
623 4143 662 4191 M.
722 4141 816 4191 Baltio.
863 4140 926 4190 Cod.
951 4139 1048 4189 Caesar.
1070 4139 1187 4190 likowisa

220 4229 223 4234 ·
723 4210 797 4260 reads
825 4209 962 4269 ‘Winedh’
996 4209 1043 4258 but
1075 4209 1186 4260 wilkins

269 4279 416 4343 'Wiuedid
437 4279 491 4328 The
511 4281 613 4330 Winedi
631 4296 697 4330 were
724 4280 810 4343 ‘apud
822 4280 936 4329 Persas!

1024 4388 1035 4433 1
