3150 5046
210 481 353 566 mnu]
429 495 542 545 essm
570 496 696 545 aucun
720 491 932 546 nacionum
1096 484 1162 548 289

209 655 358 737 poterat,
382 647 536 738 'dilapsi3
565 649 759 739 quindecim
791 646 908 719 eorum
936 644 1054 730 naves,
1082 674 1160 718 cum

209 754 416 832 hominibus
430 755 523 837 regis
538 753 639 818 fidem
655 761 795 819 secutae.
832 753 1011 818 Turlrillus
1026 754 1160 819 interea

208 874 325 937 regem
348 855 471 938 patriae
499 872 572 918 suae
604 853 759 918 Suanum
781 854 917 918 nunciis
950 855 1095 918 accersit
1120 861 1159 918 nt

210 952 374 1034 Angliam
389 954 506 1019 veniat
519 973 527 1034 3
553 954 752 1036 praeclaram
766 972 842 1017 esse
863 954 1011 1035 patriam
1033 960 1069 1017 et
1083 955 1159 1035 opi·

183 1065 185 1069 ·
209 1072 312 1130 mam,
335 1053 395 1117 sed
413 1073 529 1134 regem
551 1060 715 1117 stertere:
739 1052 849 1128 illum,
865 1051 995 1116 Veneri
1007 1053 1157 1135 vinoque

209 1152 418 1230 studentem,
440 1152 526 1215 nihil
555 1151 668 1215 minus
698 1171 802 1234 quam
825 1151 954 1214 bellum
981 1153 1155 1234 cogitare;

207 1259 419 1334 quapropter
429 1251 585 1315 odiosum
599 1251 683 1328 suis,
698 1250 879 1314 ridiculum
892 1249 1034 1315 alienis:
1050 1252 1156 1315 duces'
1177 1287 1180 1296 ·

206 1351 363 1430 invid0s3
386 1351 615 1433 provinciales
630 1349 797 1428 infirmoS,
812 1351 923 1432 primo
946 1349 1093 1415 stridore
1114 1351 1156 1416 li·

207 1457 345 1515 tuorum
362 1451 482 1533 praelio
499 1469 667 1515 cessuros.

215 1591 218 1598 .
260 1548 369 1632 §172
385 1549 471 1614 Erat
488 1543 642 1614 ¹Suanus
656 1549 693 1612 in
711 1549 914 1630 sanguinem
932 1567 1073 1630 pronus,
1091 1569 1155 1612 nec

208 1647 240 1711 ei
259 1664 387 1731 magno
411 1649 630 1713 hortamento
651 1667 739 1731 opus
759 1648 843 1712 fuit:
866 1649 1014 1713 navibus
1035 1649 1154 1731 itaque

207 1749 350 1830 paratis,
377 1749 560 1812 transitum
587 1749 795 1826 maturavit3
827 1747 988 1811 Sandwic
1009 1755 1155 1811 vocatur

207 1855 328 1929 portus
350 1848 409 1911 ubi
431 1848 578 1931 appulit,
591 1848 757 1912 ultionem
780 1837 953 1929 praecipue
968 1846 1154 1911 Gunhildis

207 1947 338 2014 sororis¹
363 1947 547 2011 intendens
583 1949 707 2012 animo.
766 1945 868 2023 Haec,
900 1966 968 2010 non
1002 1946 1154 2029 illepidae

143 2113 148 2122 ,
206 2044 326 2110 formae
338 2047 471 2128 virago,
486 2044 651 2128 Angliam
667 2066 745 2110 cnm
762 2045 925 2126 Pallingo
942 2045 1067 2109 marito
1089 2065 1156 2128 po-

208 2145 295 2210 tenti
316 2147 441 2210 comite
456 2153 616 2225 venerat3
649 2153 695 2223 et,
720 2152 863 2228 accepta
878 2143 1152 2221 christianitate,

207 2245 360 2308 obsidem
390 2265 428 2309 se
457 2245 602 2309 Danicae
632 2245 728 2328 pacis
754 2244 919 2316 fecorat,
959 2244 1047 2308 Eam
1075 2263 1156 2308 cum

207 2345 341 2408 caeteris
366 2345 480 2408 Danis
502 2345 675 2409 infaustus
699 2344 794 2407 furor
819 2343 935 2407 Edrici
965 2343 1156 2426 decapitari

201 2442 368 2525 jusserat,
385 2445 671 2527 pronunciantem
685 2443 776 2526 quod
798 2443 853 2506 sui
874 2443 1053 2523 sanguinis
1070 2442 1157 2506 effu·

206 2542 258 2606 sio
275 2563 403 2625 magno
424 2545 491 2609 toti
513 2543 652 2626 Angliae
673 2542 762 2607 foret
785 2541 974 2624 dispendio.
1027 2541 1073 2606 Et
1094 2541 1156 2605 illa

207 2642 344 2724 quidem
370 2651 516 2708 mortem
539 2642 704 2726 prasenti
728 2641 809 2706 tulit
836 2640 964 2717 animo,
988 2642 1071 2723 quia
1093 2660 1156 2730 nec
1199 2644 1203 2652 '

206 2742 373 2806 moritura
394 2743 577 2825 expalluit,
593 2761 655 2806 nec
668 2748 817 2819 mortua,
832 2746 1036 2823 consumpto
1050 2740 1156 2804 etiam

206 2841 387 2922 sangnine,
408 2843 543 2906 vultum
567 2843 701 2922 amisit3
733 2829 848 2905 occiso
873 2841 968 2923 prius
990 2848 1071 2904 ante
1094 2859 1156 2903 ora
1260 2870 1263 2876 ·

206 2941 343 3018 marito,
365 2941 500 3019 etfi1i0‚
517 2942 705 3006 commodae
726 2940 852 3005 indolis
872 2959 990 3023 puero,
1005 2947 1157 3021 quatuor

206 3039 336 3105 lanceis
347 3041 472 3106 forato.
512 3041 612 3105 Tunc
627 3061 710 3123 ergo
723 3040 871 3118 Suamis,
886 3059 948 3122 per
959 3038 1154 3104 Orientales
1168 3060 1284 3101 reanum-

206 3135 341 3222 Anglos
363 3140 538 3223 profectus
552 3141 589 3204 in
607 3138 934 3216 Northanhimbros,
953 3139 1075 3203 ditioni
1096 3157 1156 3202 eos
1167 3113 1300 3254 fflffiplll?

206 3257 279 3302 suae
301 3239 376 3304 sine
404 3259 521 3322 pugna
542 3240 714 3320 subdidit3
738 3260 809 3304 non
838 3239 930 3323 quod
956 3239 992 3301 in
1018 3237 1156 3302 illorum
1189 3241 1223 3253 '‘
1285 3241 1290 3253 '

206 3338 378 3402 mentibus
393 3339 563 3420 genuinus
585 3340 645 3403 ille
669 3340 775 3416 calor,
795 3345 830 3402 et
852 3337 1065 3402 dominorum
1091 3337 1156 3400 im·

208 3436 369 3526 patiens·
391 3437 598 3520 refriguerit,
628 3438 688 3502 sed
716 3438 807 3520 quod
838 3437 998 3519 princeps
1037 3455 1156 3499 eornm

240 3744 249 3776 ¹
270 3743 392 3816 Surum]
417 3749 473 3798 ‘l'he
494 3761 621 3800 messaara
641 3750 670 3799 oi
693 3749 793 3800 Danish
815 3747 879 3812 iring
907 3749 933 3798 in
961 3749 1003 3800 the
1026 3749 1156 3810 following

204 3817 248 3867 the
271 3817 359 3866 nanos
381 3833 414 3868 on
436 3820 473 3868 St.
486 3819 585 3869 Brice's
606 3819 667 3882 day,
692 3835 755 3880 year
773 3821 861 3869 would
885 3820 1000 3880 scarcely
1021 3821 1052 3870 be
1074 3821 1156 3870 consi·

204 3886 275 3938 Am.
296 3890 371 3950 1002,
389 3888 440 3938 and
459 3889 501 3937 the
521 3889 623 3938 murder
642 3889 671 3939 oi
692 3889 770 3938 dered
781 3890 864 3952 ample
876 3903 984 3952 revenge
995 3889 1034 3938 ior
1044 3903 1072 3937 so
1084 3894 1155 3951 great

206 3955 349 4020 Gunilhdn,
365 3957 408 4007 the
426 3958 501 4007 sister
522 3957 551 4022 oi
566 3958 668 4022 Sweyn,
692 3973 724 4008 an
736 3959 831 4023 injury,
842 3960 893 4010 and
910 3959 1004 4019 Sweyn
1019 3958 1155 4008 continued
1245 4015 1247 4019 v

205 4040 261 4075 was
281 4026 343 4088 long
369 4027 541 4086 remembered
569 4029 604 4092 by
626 4028 668 4077 the
692 4033 718 4078 to
737 4029 813 4078 intest
828 4030 871 4078 the
886 4027 993 4091 English
1011 4027 1157 4078 coastirom

206 4095 294 4145 Dones
312 4109 341 4144 as
361 4111 393 4146 an
410 4097 535 4148 incentive
558 4102 585 4154 to
603 4098 669 4148 their
693 4098 748 4146 that
764 4100 824 4148 time
839 4098 903 4148 until
922 4098 962 4146 his
981 4096 1067 4148 death.
1101 4097 1157 4148 'lie

205 4163 295 4214 mtred
306 4165 336 4214 of
342 4165 386 4214 the
397 4167 483 4216 saxon
494 4181 577 4218 name.
613 4167 669 4217 ‘l'he
692 4167 799 4231 landing
816 4173 843 4217 at
854 4166 991 4224 Sauduich
1002 4181 1057 4216 was
1073 4166 1157 4218 effect«

205 4235 293 4286 auor
311 4236 390 4284 made
400 4251 433 4285 on
446 4233 564 4298 England
579 4237 614 4298 by
627 4237 669 4292 the
694 4238 727 4286 ed
739 4238 765 4294 iu
776 4238 840 4299 July
853 4241 925 4291 1⁰1³.

983 4327 1005 4376 U
