3180 5048
442 485 508 550 278
667 499 781 548 casm
804 500 931 548 aucun
956 498 1168 546 nuceonuu.
1250 483 1334 564 [nra.
1354 497 1393 544 11.

443 657 647 739 tingendum
672 663 822 739 aptaret,
847 655 1052 718 videbantur
1075 675 1192 718 omnes
1215 654 1284 719 illae
1307 656 1393 719 ima·

445 757 542 839 gines
576 757 747 841 prosilire,
780 763 816 820 et
841 756 1008 838 impetum
1034 755 1071 817 in
1107 763 1393 838 praesumptorem

445 857 569 920 facere.
616 856 696 935 Quo
710 857 834 919 timore
853 873 994 939 pressus
1010 851 1212 932 Gerbertus‚
1227 857 1393 921 ambitum
1500 943 1501 946 Ἴ
1560 917 1562 920 .

446 976 547 1020 suum
563 955 690 1040 fregit:
714 956 774 1020 sed
790 971 859 1020 non
882 953 1049 1020 abstinuit
1063 955 1293 1020 cubicularius
1310 957 1394 1037 quin

447 1056 613 1120 mirabilis
637 1055 773 1119 artificii
796 1055 986 1131 cultellum,
1009 1073 1110 1136 quem
1135 1074 1262 1118 mensae
1284 1057 1395 1138 impo-

448 1157 553 1218 situm
573 1150 734 1232 ¹viderot,
762 1155 955 1238 abriperet3
980 1155 1168 1218 arbitratus
1194 1154 1338 1232 scilicet,
1359 1155 1396 1218 in

448 1261 549 1319 tanta
573 1255 702 1338 praeda,
727 1275 872 1337 parvum
897 1253 1116 1318 latrocinium
1141 1273 1244 1337 posse
1274 1255 1395 1319 latere.

449 1354 582 1418 Verum
613 1375 695 1418 mox
726 1355 884 1420 omnibus
913 1353 1122 1434 imaginihus
1151 1363 1229 1417 oum
1256 1351 1396 1418 fremitu

448 1455 728 1535 exsurgentibus,
744 1474 830 1536 puer
850 1473 1000 1537 quoque,
1025 1454 1152 1518 emissa
1174 1453 1339 1518 arundine
1361 1455 1398 1517 in

450 1553 706 1631 carbunculum,
722 1555 882 1618 tenebras
897 1553 1036 1616 induxit
1049 1574 1058 1632 3
1075 1562 1122 1630 et,
1133 1552 1200 1616 nisi
1212 1553 1271 1618 ille
1285 1555 1395 1617 moni-

451 1661 489 1718 tu
506 1653 635 1718 domini
650 1654 827 1718 cultellum
847 1653 990 1737 rejicere
1011 1653 1250 1730 accelerasset,
1273 1673 1398 1736 graves

451 1754 553 1822 ambo
573 1772 697 1836 poenas
720 1753 908 1817 dedissent.
960 1752 1017 1816 Sic
1039 1752 1205 1816 insatiata
1227 1753 1397 1836 eupidita-

355 1938 358 1944 .
451 1853 496 1917 tis
515 1853 692 1934 voragine,
707 1853 849 1918 laterna.
864 1870 1005 1934 gressus
1022 1853 1180 1930 ducente,
1198 1853 1395 1917 discessum.

452 1951 554 2016 Talia
578 1953 675 2016 illum
699 1953 1063 2035 adversis-praestigiis
1086 1952 1320 2016 machinatum
1342 1952 1396 2017 tu-

450 2052 531 2128 isse,
542 2059 706 2116 constans
721 2053 818 2134 vulgi
833 2053 949 2134 opinio
966 2045 1048 2116 ²est.
1100 2051 1352 2131 Veruntamen,
1367 2053 1397 2116 si

451 2152 529 2233 quis
541 2170 661 2215 verum
676 2151 860 2234 diligenter
873 2152 1067 2234 exsculpat,
1075 2151 1207 2216 videbit
1221 2172 1284 2216 nec
1299 2152 1397 2216 Salo-

451 2270 599 2327 monem,
615 2252 671 2315 oui
685 2251 783 2315 Deus
806 2252 880 2333 ipse
896 2251 1029 2316 dederit
1045 2251 1261 2333 sapientiam,
1277 2252 1397 2336 hujus-

452 2369 491 2414 ce
510 2350 656 2414 inscium
679 2353 864 2430 commenti
889 2350 1007 2428 fuisse,
1033 2360 1073 2415 ut
1098 2351 1190 2416 enim
1206 2345 1398 2434 ³J0saphus

452 2457 663 2514 auctorest:
692 2450 874 2515 thesauros
897 2450 1025 2515 multos
1048 2471 1126 2515 cum
1148 2459 1248 2534 patre
1270 2452 1400 2516 defodit

451 2550 488 2612 in
513 2550 648 2627 loculiS,
674 2552 734 2633 qui
761 2557 860 2614 erant
894 2547 1041 2636 (inquit)
1074 2550 1273 2616 mechanico
1297 2552 1398 2616 modo

451 2651 619 2714 reconditi
633 2652 698 2714 sub
712 2656 813 2714 terra.
850 2649 927 2714 Nec
944 2651 1150 2727 Hircanum,
1164 2651 1347 2734 prophetia
1364 2659 1399 2716 et

452 2749 653 2817 fortitudine
667 2750 810 2826 clarum,
826 2750 898 2831 qui,
919 2759 959 2814 ut
973 2750 1162 2814 obsidionis
1188 2750 1322 2816 levaret
1344 2752 1397 2815 in·

446 2849 589 2932 juriam,
615 2849 657 2912 de
684 2849 801 2913 David
826 2849 1009 2932 sepulchro
1033 2851 1102 2913 tria
1127 2850 1236 2914 millia
1267 2852 1399 2916 talenta

453 2949 528 3012 auri
552 2955 626 3012 arta
650 2948 849 3012 mechanica
874 2950 976 3026 eruit,
1004 2957 1044 3013 ut
1067 2949 1240 3014 obsessori
1265 2958 1399 3033 partem

452 3054 680 3123 enumeraret,
704 3055 803 3129 parte
831 3048 1049 3113 xenodochia
1071 3057 1296 3114 construeret.
1349 3050 1400 3115 At

452 3166 535 3209 vero
563 3145 735 3224 HerodeS,
768 3148 828 3228 qui
852 3149 965 3230 magis
995 3151 1265 3231 praesumptione
1295 3170 1399 3232 quam

452 3245 596 3310 consilio
620 3246 712 3310 idem
737 3247 880 3328 aggredi
902 3249 1062 3325 voluerit,
1077 3249 1204 3313 multos
1227 3269 1273 3313 ex
1295 3250 1400 3314 satel-

451 3345 582 3422 litibus,
592 3346 672 3427 igne
683 3366 727 3409 ex
741 3347 895 3411 interiori
910 3355 1009 3430 parte
1020 3348 1221 3430 prodeunte,
1236 3350 1400 3414 amiserit.

453 3443 630 3509 Praeterea
646 3466 722 3510 cum
740 3447 844 3510 audio
859 3442 1066 3511 ⁴Dominum
1078 3448 1102 3512 J
1104 3468 1200 3512 esum
1218 3449 1400 3527 dicentem,

453 3543 582 3608 ‘Pater
594 3565 692 3610 meus
707 3565 817 3628 usque
832 3547 935 3611 modo
946 3553 1122 3630 operatur,
1133 3555 1168 3612 et
1178 3569 1244 3629 ego
1255 3551 1402 3631 operor,'

452 3644 554 3707 oredo
576 3646 667 3726 quod
689 3647 749 3727 qui
773 3645 906 3709 dederit
928 3646 1105 3711 Salomoni
1119 3648 1282 3712 virtutem
1296 3669 1402 3732 super

451 3744 636 3821 daemones,
653 3751 692 3807 ut
706 3743 797 3808 idem
812 3744 1111 3828 historiographus
1133 3755 1296 3825 testatur,
1313 3749 1401 3814 adeo

451 3843 599 3906 ut'dicat
615 3843 721 3907 etiam
744 3864 807 3907 suo
830 3854 984 3927 tempore
1006 3846 1113 3910 fuisse
1135 3848 1228 3912 viros
1246 3848 1306 3930 qui
1322 3849 1401 3914 illos

453 4073 628 4196 flgidm]
639 4083 720 4141 E.L.;
732 4083 924 4146 viderat‚A.S.l
937 4085 1014 4166 phus,
1029 4084 1119 4146 Antiq.
1133 4085 1197 4134 Jud.
1208 4085 1254 4134 lib.
1266 4098 1311 4135 vu.
1324 4100 1348 4135 c.
1361 4091 1402 4148 15,

506 4184 575 4281 aar]
589 4219 617 4267 s.
632 4222 662 4269 c.
674 4221 708 4269 n.
721 4222 753 4270 r.
763 4222 793 4270 r.
803 4239 810 4280 ;
822 4224 868 4283 aa,
879 4222 910 4270 r.
926 4154 983 4253 *hbf
994 4159 1149 4286 bssbffeuffn]
1172 4222 1205 4273 A.
1219 4224 1247 4274 s.
1262 4225 1291 4272 c.
1302 4225 1338 4275 n.
1350 4227 1401 4285 r.;

485 4287 635 4356 ³Joreptua
653 4294 736 4338 auctor
757 4292 815 4354 est]
839 4293 911 4342 Jose-
938 4293 1074 4342 Dominum
1087 4308 1181 4356 meum,
1191 4295 1222 4343 L.
