3150 5046
263 1135 371 1186 Repulred

262 1187 318 1228 from
327 1187 382 1226 Lon-

264 1238 312 1282 dou,
324 1235 378 1276 ΑΛ).

265 1287 322 1326 1013,

270 2631 358 2671 Retreat
367 2629 390 2670 ol

270 2682 385 2721 Aetbelred
397 2683 420 2720 to

268 2732 306 2770 the
315 2731 353 2770 isle
362 2731 386 2770 or

271 2780 349 2870 lvgilflgltp
364 2781 419 2822 Aen·

416 455 482 520 290
646 470 760 518 unsri
783 469 920 518 nncuu.
935 465 1147 516 succorum.
1230 449 1315 534 [mn
1334 463 1370 510 11.

421 621 617 692 ¹Uhtredus
631 627 763 710 primus
784 626 981 709 exemplum
1000 622 1202 688 delectionis
1226 619 1368 686 dederit.

423 727 500 792 Illis
515 728 716 811 subjugum
737 727 863 804 missis,
880 725 997 790 caeteri
1010 743 1148 808 quoque
1167 739 1287 787 omnes
1308 738 1370 801 po·

423 827 497 909 puli
519 827 580 909 qui
597 823 762 908 Angliam
790 828 833 890 ab
862 824 1021 908 aquilone
1046 823 1243 887 inhabitant
1262 819 1371 884 vecti-

425 926 484 1006 gal
507 933 542 989 et
564 927 700 992 obsides
721 926 900 990 dederunt.
955 923 1044 987 Mox
1058 923 1102 986 ad
1122 918 1292 985 australes
1317 937 1372 984 re-

426 1026 547 1106 giones
567 1027 721 1102 veniens,
744 1021 1043 1091 Oxenefordenses
1061 1027 1097 1084 et
1110 1019 1373 1084 Wintonienses

425 1123 520 1205 leges
545 1143 627 1188 suas
653 1125 798 1190 adorare
822 1123 958 1204 coegit;
990 1121 1056 1185 soli
1078 1114 1373 1192 ²Londonienses,

425 1243 554 1304 regem,
571 1223 764 1306 legitimum
793 1223 886 1288 intra
910 1221 1039 1286 moenia
1064 1225 1232 1294 tutantes,
1254 1222 1374 1299 portas

426 1323 653 1400 occluserunt.
706 1322 801 1388 Dani
829 1329 950 1392 contra
980 1319 1128 1390 ferocius
1160 1317 1374 1391 assistentes,

426 1441 488 1504 spe
514 1422 634 1504 gloriae
659 1423 823 1486 virtutem
846 1420 1004 1486 alebant:
1034 1417 1199 1501 oppidani
1222 1417 1259 1478 in
1282 1433 1376 1478 mor*

427 1528 497 1584 tem
526 1540 590 1604 pro
617 1521 777 1588 libertate
804 1521 962 1595 ruebant,
986 1517 1118 1584 nullam
1146 1516 1213 1582 sibi
1235 1514 1374 1579 veniam

427 1619 580 1688 futuram
602 1621 810 1686 arbitrantes
836 1619 866 1682 si
888 1637 1004 1699 regem
1024 1617 1232 1691 desererent,
1250 1613 1375 1696 quibus

426 1719 501 1801 ipse
516 1721 625 1785 vitam
642 1739 741 1784 suam
762 1718 992 1783 commiserat.
1045 1716 1104 1780 Ita
1119 1734 1198 1778 cum
1213 1713 1375 1794 utrinque
1482 1733 1484 1738 ¹

428 1819 554 1884 acriter
565 1826 769 1895 certaretur,
779 1817 908 1902 justior
922 1834 1029 1880 causa
1045 1814 1223 1882 victoriam
1234 1812 1374 1890 habuit3

428 1917 561 1984 civibus
575 1936 704 2000 magna
721 1937 786 2000 ope
807 1916 1023 1992 conantibus,
1038 1915 1119 1977 dum
1140 1912 1378 1994 unusquisque

428 2016 572 2082 sudores
596 2035 678 2082 suos
703 2015 850 2099 principi
874 2022 1062 2090 ostentare,
1089 2020 1125 2077 et
1149 2031 1213 2095 pro
1237 2031 1279 2075 eo
1302 2010 1379 2094 pul·

429 2114 548 2178 chrum
570 2123 711 2198 putaret
725 2115 843 2180 emori.
896 2113 1063 2180 Hostium
1084 2131 1166 2194 pars
1189 2116 1377 2195 prostrata,

429 2231 511 2296 pars
537 2215 574 2278 in
598 2213 738 2300 flumine
752 2213 917 2277 Tamensi
940 2220 1076 2289 necata,
1092 2211 1185 2294 quod
1209 2209 1379 2292 praecipiti

429 2311 544 2378 furore
561 2320 703 2395 pontem
718 2332 787 2378 non
801 2312 1111 2394 exspectavissent.
1164 2309 1297 2375 Lacero
1316 2327 1378 2389 ag-

428 2411 520 2476 mine
546 2413 635 2495 petit
657 2413 794 2476 Suanus
819 2411 1048 2489 Bathoniam3
1079 2410 1128 2473 ibi
1150 2408 1380 2484 Ethelmerus,

429 2511 653 2578 occidentalis
681 2513 832 2593 regionis
857 2529 983 2587 comes,
1012 2529 1091 2578 cum
1120 2508 1193 2574 suis
1219 2507 1378 2571 omnibus

430 2629 553 2677 manus
577 2613 610 2676 ei
625 2611 729 2677 dedit.
783 2609 859 2676 Nec
878 2609 991 2675 adhuc
1006 2609 1226 2673 flecterentur
1241 2606 1380 2674 Londo-

431 2711 579 2788 nienses,
594 2717 671 2777 tota
689 2710 765 2794 jam
782 2707 914 2790 Anglia
935 2709 973 2776 in
997 2708 1192 2773 clientelam
1213 2706 1306 2772 illius
1327 2706 1381 2770 in·

432 2809 572 2886 clinata,
587 2811 655 2878 nisi
669 2810 875 2876 Ethelredus
897 2809 1086 2890 praesentia
1105 2825 1164 2872 eos
1178 2806 1381 2875 destitueret

432 2927 516 2988 sua3
542 2909 670 2992 quippe
691 2909 795 2973 homo
815 2908 949 2972 inertiae
971 2907 1120 2983 deditus
1143 2912 1179 2970 et
1200 2904 1382 2970 formidine

432 3009 632 3075 meritorum
654 3008 786 3072 nullum
802 3008 869 3074 sibi
890 3007 1026 3072 fidelem
1040 3001 1216 3082 ³metiens,
1230 3004 1382 3086 bellique

433 3113 469 3169 et
505 3107 692 3171 obsidionis
731 3108 972 3178 necessitatem
1008 3104 1276 3187 subterfugiens,
1302 3102 1381 3167 illos

432 3204 517 3286 suga
536 3224 601 3271 sua
615 3205 755 3288 reliquit
776 3207 813 3269 in
837 3206 970 3269 medio:
995 3205 1169 3287 quocirca,
1193 3204 1295 3267 rebus
1319 3222 1381 3267 ex-

433 3303 551 3370 tremis
574 3305 774 3384 medentes,
811 3305 1115 3386 compatriotarum
1150 3303 1310 3386 exemplo
1346 3321 1384 3368 se

433 3403 604 3471 dedidere.
657 3405 839 3471 Laudandi
860 3423 1001 3486 prorsus
1018 3405 1095 3482 viri,
1116 3410 1151 3476 et
1173 3422 1262 3487 quos
1284 3401 1383 3472 Mars

434 3503 509 3584 ipse
533 3502 662 3568 collata
684 3523 754 3568 non
777 3510 955 3586 sperneret
969 3503 1071 3566 hasta
1086 3504 1116 3567 si
1130 3503 1252 3566 ducem
1273 3501 1383 3565 habu-

434 3602 543 3665 issent
556 3617 579 3681 ;·
597 3603 696 3686 cujus
722 3603 812 3666 dum·
826 3602 882 3667 vel
909 3601 986 3666 sola
1015 3603 1141 3665 umbra
1161 3606 1384 3683 protegereri-

435 3707 504 3779 tur‚
530 3700 637 3767 totius
660 3721 788 3785 pugnae
815 3701 937 3778 aleam,
960 3701 1072 3783 ipsam
1104 3700 1208 3765 etiam
1235 3699 1385 3769 obsidio-

468 3945 477 3978 ¹
499 3948 622 3998 Ubtredue
641 3949 738 4012 primur
761 3949 896 4012 exemplum
923 3947 1016 4009 Sweyn
1027 3963 1083 3998 was
1096 3949 1217 4011 repulsed
1235 3949 1298 3998 from
1319 3948 1385 3998 Lon·

434 4018 576 4078 defectionis
594 4013 712 4088 dederit]
731 4019 829 4068 Uhtred
846 4020 896 4068 and
922 4019 972 4067 don
989 4020 1024 4079 by
1035 4018 1174 4070 Aethelred
1192 4019 1242 4068 and
1256 4019 1387 4080 Turcytoll

434 4087 477 4136 the
488 4088 703 4138 Nerthumbrians
722 4089 860 4138 submitted
871 4093 897 4138 to
922 4089 948 4137 in
962 4092 1035 4137 101³.

434 4157 649 4218 sweynirlms.
957 4155 1108 4222 ³Melicas]
1134 4160 1163 4208 C.
1176 4159 1212 4210 D.
1223 4159 1256 4209 E.
1269 4159 1318 4220 1..;
1334 4171 1387 4206 me-

469 4223 666 4276 ²Londonienees
678 4261 684 4278 .
695 4262 701 4279 .
711 4227 896 4291 acclamat]
921 4231 1005 4291 tuens,
1016 4227 1050 4278 A.
