3150 5046
203 485 274 532 ms.
290 467 347 548 11.]
422 482 535 531 casm
563 483 690 532 nacon
714 483 926 533 Auenonnn.
1091 470 1156 534 349

205 647 361 704 oraretur
386 640 614 724 abepiscopo
640 640 708 704 nisi
732 641 829 723 prius
851 661 873 705 a
897 661 979 723 rege
1006 641 1159 723 insigni-⁴

205 747 302 803 retur
324 748 358 804 et
381 741 510 804 annulo
531 748 569 806 et
591 740 739 810 baculo:
769 747 903 819 contra,
929 740 1093 805 laudatur
1117 742 1154 806 in

204 839 315 902 nostri
342 840 460 902 saeculi
488 839 708 922 pontificibus
734 841 826 922 quod
855 839 920 904 has
949 841 1155 905 donationes

205 938 358 1002 tulerunt
374 938 599 1020 principibus.
645 938 792 1004 Poterat
806 946 889 1003 tunc
903 939 1157 1004 rationabiliter

204 1037 358 1114 concedi,
378 1037 469 1120 quod
496 1057 587 1101 nuuc
602 1031 877 1103 ¹rationabiliter
893 1038 995 1102 debet
1015 1038 1155 1104 auferri.

203 1134 276 1201 Cur
302 1137 379 1202 itat
441 1136 535 1216 Quia
563 1144 637 1201 erat
668 1139 804 1201 animus
835 1137 959 1219 Magni
987 1139 1155 1202 adversus

203 1235 386 1300 avaritiam
408 1237 570 1313 invictus,
594 1256 656 1301 nec
682 1237 784 1301 facile
809 1237 998 1301 invenisset
1023 1238 1156 1302 aditum

202 1334 327 1417 aliquis
353 1335 420 1402 nisi
439 1337 603 1400 intrasset
628 1356 691 1418 per
713 1336 861 1416 ostium;
887 1343 1068 1418 praeterea,
1092 1357 1155 1420 per

200 1440 254 1497 tot
279 1441 447 1498 terrarum
480 1435 671 1500 interstitia
699 1437 864 1520 nequibat
892 1436 1021 1517 requiri
1054 1437 1153 1502 sedes

201 1533 394 1614 apostolica
423 1541 463 1597 ut
489 1535 677 1616 unicuique
708 1535 818 1600 electo
848 1553 1027 1599 assensum
1058 1555 1152 1599 com*

199 1632 377 1697 mendaret
400 1652 513 1711 suum,
535 1634 617 1696 dum
639 1642 731 1698 esset
756 1654 864 1716 prope
890 1654 953 1698 rex
976 1635 1036 1716 qui
1064 1634 1151 1718 nihil

199 1751 262 1813 per
293 1733 476 1796 avaritiam
501 1733 710 1815 disponeret,
739 1734 800 1797 sed
828 1733 935 1817 juxta
964 1753 1064 1796 sacra
1092 1754 1150 1798 ca-

200 1849 328 1894 nonum
353 1832 441 1896 scita
464 1833 645 1914 religiosas
669 1852 838 1915 personas
862 1833 1015 1896 ecclesiis
1040 1833 1150 1896 intro·

199 1929 350 1998 duceret.
403 1930 506 1995 Nunc
533 1931 648 1996 omnia
677 1933 809 2014 palatia
835 1951 956 2013 regum
984 1931 1090 1994 luxus
1112 1940 1148 1996 et

199 2031 348 2094 ambitus
365 2031 574 2112 occupavit3
602 2050 708 2112 quare
729 2032 852 2096 merito
873 2031 1068 2095 libertatem
1088 2049 1149 2094 su·

199 2147 255 2191 am
280 2147 409 2214 sponsa
434 2129 564 2194 Christi
586 2138 775 2208 asseverat,
790 2151 834 2195 ne
856 2131 952 2194 illam
976 2137 1145 2214 tyrannus

199 2229 381 2293 ambitioso
403 2231 600 2312 usurpatori
623 2230 822 2311 prostituat.
876 2229 934 2294 Ita
950 2230 994 2298 ,in
1015 2237 1148 2294 utram·

198 2329 252 2396 vis
277 2335 411 2409 partem
434 2335 550 2410 potest
571 2349 677 2392 causa
700 2349 777 2392 mea
801 2329 965 2392 infirmari
982 2329 1039 2392 vel
1063 2329 1148 2393 alle·

199 2428 286 2510 gari.
339 2426 375 2490 N
377 2447 422 2492 on
445 2434 499 2491 est
524 2427 678 2510 episcopi
703 2427 851 2491 officium
874 2434 913 2490 ut
939 2428 1015 2509 ipse
1033 2421 1148 2490 ²eom·

198 2527 290 2591 mitti
307 2526 431 2609 jubeat
453 2527 632 2608 praelium3
656 2534 831 2603 caeterum,
849 2533 985 2607 spectat
1002 2524 1046 2588 ad
1070 2546 1147 2589 mu-

198 2645 264 2690 nus
278 2625 431 2707 episcopi
446 2633 497 2703 ut,
511 2625 542 2688 si
552 2624 669 2689 videat
685 2624 886 2706 naufragari
899 2625 1147 2702 innocentiam,

200 2735 234 2791 et
261 2745 364 2788 manu
392 2733 427 2789 et
454 2725 574 2806 lingua
605 2730 776 2788 occurrat.
828 2723 1032 2787 Sacerdotes
1060 2723 1147 2787 Eze-

200 2825 287 2889 chiel
311 2830 452 2888 accusat
465 2823 559 2906 quod
582 2843 651 2887 non
669 2823 829 2886 steterint
845 2843 890 2886 ex
910 2822 1069 2899 adverso,
1083 2843 1147 2886 nec

201 2917 453 3007 ³opposuerunt
479 2923 639 3005 clypeum
667 2941 729 3004 pro
754 2921 855 2985 domo
887 2920 998 2985 Israel
1026 2921 1063 2984 in
1091 2922 1147 2986 die

200 3023 354 3089 Domini.
406 3023 497 3087 Duae
520 3027 601 3085 sunt
623 3020 755 3102 scilieet
770 3040 926 3103 personae
943 3021 979 3084 in
1001 3021 1148 3085 ecclesia

201 3123 269 3186 Dei
299 3122 344 3186 ad
374 3121 562 3186 resecanda
589 3121 676 3184 vitia
708 3121 928 3185 constitutae:
967 3139 1039 3184 una
1068 3139 1147 3202 quae

201 3228 350 3285 exacuat
381 3222 568 3304 eloquium,
598 3220 711 3283 altera
731 3238 809 3301 quae
837 3226 953 3301 portet
980 3219 1147 3301 gladium.

201 3321 289 3400 Ego,
300 3326 341 3383 ut
356 3338 418 3382 vos
432 3321 516 3382 mibi
529 3326 636 3382 testes
659 3337 735 3382 esse
751 3319 909 3400 potestis,
924 3338 994 3382 non
1007 3318 1147 3399 neglexi

200 3437 295 3481 meas
311 3423 446 3498 partes:
463 3418 577 3500 quoad
591 3419 729 3499 speravi
742 3417 920 3499 proficere,
934 3416 1066 3480 armavi
1080 3416 1147 3479 lin-

201 3537 326 3598 guam;
363 3515 460 3580 illum
490 3516 589 3598 cujus
616 3517 761 3580 interest
787 3535 859 3578 rem
886 3529 989 3596 agere
1019 3515 1148 3596 gladio,

200 3617 380 3680 certiorem
403 3615 469 3678 ieci
496 3617 643 3694 nunci03
673 3622 878 3696 occupatum
906 3633 946 3677 se
969 3615 1147 3696 rescripsit

199 3716 291 3779 bello
317 3714 601 3791 Windelicorum,
631 3733 758 3795 rogans
790 3720 831 3778 nt
859 3713 945 3776 meis
972 3713 1148 3778 laboribus

200 3816 272 3879 suis
298 3815 460 3897 expensis
488 3834 557 3878 non
582 3833 746 3895 gravarer
770 3812 953 3876 deturbare
975 3813 1148 3906 latronum

236 4047 245 4080 ¹
264 4047 479 4110 Rotioaobilitcr]
505 4048 535 4098 C.
555 4021 590 4096 D.
610 4047 660 4105 Ε.;
685 4045 823 4093 committat
844 4046 885 4094 vel
908 4044 1028 4094 committi
1045 4046 1146 4108 jubeat,

200 4118 371 4180 laudabiliter,
381 4117 416 4167 A.
428 4117 456 4166 S.
469 4117 500 4166 1..
685 4113 718 4163 A.
731 4115 760 4164 S.
772 4115 803 4164 L.

721 4181 934 4247 ’Opposuemntl
953 4182 982 4232 S.
1002 4183 1051 4244 1..;
1068 4198 1147 4246 appo-

236 4255 246 4284 ²
259 4253 496 4318 Committijudeat]
518 4256 548 4306 G.
561 4254 596 4306 D.
608 4255 641 4304 Ε.
652 4268 659 4312 3
685 4258 800 4316 suerunt,
812 4251 846 4304 A.
860 4255 889 4303 C.
902 4253 937 4302 D.
950 4253 982 4302 Ε.
