3170 5054
186 507 258 554 are.
275 489 317 569 ι.]
409 503 523 551 cnsrr
546 501 673 551 ancum
698 497 909 552 saoconna.
1098 486 1141 554 61

184 662 223 726 in
240 661 367 725 (lautia
379 679 500 743 regno,
514 659 656 725 fratrem
672 660 801 726 Ohtam
816 668 852 726 et
868 661 976 726 filium
988 661 1140 740 Ebusan,

186 762 278 825 acris
292 769 327 826 et
342 762 497 843 probatae
511 761 734 844 experientia
750 762 853 838 viros,
868 761 912 824 ad
923 761 1142 846 occupandas

186 861 401 944 aquilonales
425 861 617 924 Britanniae
632 867 749 943 partes
774 855 916 926 miserit.
968 861 1038 940 llli,
1063 857 1142 925 ¹im·

186 962 318 1044 peratis
341 961 553 1038 insistentes,
578 962 839 1026 convenientem
854 961 978 1026 studiis
993 963 1065 1027 suis
1080 982 1143 1026 ex-

186 1062 276 1126 itum
308 1060 479 1140 habuere3
507 1079 655 1144 namque
685 1080 921 1143 saepenumero
952 1081 1030 1126 cum
1062 1082 1143 1144 pro·

187 1161 394 1226 vincialihus
422 1161 610 1242 congressi,
645 1161 906 1244 profligatisque
945 1164 1005 1244 qui
1040 1163 1143 1226 resis-

188 1261 332 1326 tendum
357 1241 577 1345 putaverant,
608 1260 758 1344 reliquos
780 1262 817 1325 in
839 1261 941 1326 iidem
963 1255 1143 1346 ²acceptos

189 1360 338 1444 placidae
363 1361 489 1443 quietis
518 1361 633 1442 gratia
659 1360 865 1425 mulcebant.
919 1361 978 1427 Ita
1003 1382 1080 1426 cum
1107 1370 1143 1426 et

190 1463 263 1524 suis
277 1461 410 1524 artibus
425 1469 460 1525 et
474 1459 706 1545 subjectorum
721 1460 840 1526 favore
853 1462 1007 1526 nonnihil
1026 1469 1143 1544 potes-

191 1562 275 1625 tatis
283 1560 521 1637 corrasissent,
532 1554 729 1642 ³nunquam
740 1568 857 1625 tamen
871 1563 1004 1642 regium
1018 1581 1142 1626 nomen

192 1667 360 1724 temerare
374 1659 542 1738 meditati,
564 1659 718 1744 ejusdem
740 1660 985 1725 mediocritatis
998 1660 1143 1724 formam

190 1761 228 1824 in
264 1761 442 1842 proximos
476 1767 634 1842 posteros
676 1753 962 1825 ⁴delineaverunt.
1029 1758 1143 1824 Annis

193 1860 285 1924 enim
311 1879 382 1924 uno
409 1859 522 1923 minus
552 1866 701 1938 centum,
731 1859 1017 1925 Northanhimhri
1039 1861 1144 1924 duces

193 1960 367 2024 communi
394 1958 516 2023 habitu
548 1960 714 2036 contenti,
743 1961 808 2023 sub
836 1961 981 2043 imperio
1011 1959 1144 2025 Canto·

192 2061 359 2124 oritarum
381 2060 537 2141 privatos
556 2060 728 2141 agebant:
751 2060 813 2123 sed
828 2079 898 2124 non
912 2067 1034 2142 postea
1046 2061 1145 2127 stetit

193 2160 269 2224 haec
294 2159 490 2223 ambitionis
515 2160 738 2236 confinentia,
762 2179 824 2223 seu
847 2161 929 2242 quia
949 2179 1085 2244 semper
1108 2161 1145 2226 in

193 2260 366 2324 deteriora
379 2259 533 2324 declivus
549 2266 603 2324 est
624 2259 795 2322 humanus
817 2260 963 2337 animus,
985 2279 1047 2326 seu
1063 2261 1146 2343 qnia

194 2379 281 2443 gens
305 2359 366 2424 illa
389 2359 593 2424 naturaliter
615 2358 805 2422 inflatiores
830 2360 970 2425 anhelat
993 2361 1143 2443 spiritus.

194 2458 300 2524 Anno
328 2454 464 2541 ⁵itaque
486 2459 678 2524 Dominicae
704 2459 952 2523 incarnationis
976 2459 1310 2565 quingen-roenna·

194 2559 319 2623 tesimo
368 2558 630 2641 quadragesimo
677 2559 835 2641 septimo,
880 2567 961 2642 post
1001 2567 1145 2624 mortem
1158 2528 1302 2667 Ξξῖιῇᾆιῗο

195 2658 371 2740 Hengesti
392 2660 622 2740 sexagesimo,
650 2659 795 2724 ducatus
826 2660 864 2723 in
895 2678 1040 2739 regnum
1071 2680 1146 2722 rnu-
1179 2655 1212 2667 ”
1262 2654 1267 2665 ’

195 2765 303 2835 tatus,
334 2759 560 2841 regnavitque
586 2759 635 2822 ibi
655 2760 786 2842 primns
808 2751 906 2835 ⁶Ida,
930 2757 1023 2821 haud
1045 2757 1147 2822 dubie
1158 2776 1204 2816 ru

196 2858 440 2936 nobilissimus
469 2865 573 2922 aetate
610 2866 645 2922 et
679 2858 812 2923 viribus
845 2859 998 2940 integer3
1029 2877 1149 2922 rerum

196 2966 313 3022 utrum
334 2958 408 3040 ipse
430 2977 492 3040 per
513 2977 550 3022 se
572 2958 803 3041 principatum
819 2958 996 3036 invaserit,
1016 2977 1061 3022 an
1085 2959 1149 3023 ali-

235 3183 242 3213 ¹
254 3185 407 3249 Imperitia]
430 3183 465 3236 A.
478 3185 507 3235 S.
519 3185 554 3236 D.
566 3185 599 3235 Ε.
611 3186 643 3235 L.
654 3202 661 3246 ;
686 3189 744 3235 547.
780 3183 806 3231 1t
816 3198 897 3234 seems
908 3183 1025 3233 doubtful
1035 3183 1150 3233 whether

190 3256 342 3319 praeceptis,
355 3257 385 3306 C.
686 3255 735 3302 Ida
754 3268 809 3302 was
828 3254 891 3316 king
909 3253 938 3303 of
952 3253 1013 3304 both
1034 3253 1076 3302 the
1093 3269 1150 3314 pro·

234 3319 396 3392 ²deceptos]
421 3325 450 3374 S.
475 3326 505 3376 C.
524 3325 559 3375 D.
577 3325 611 3375 E.
629 3325 660 3375 L.
685 3325 771 3372 vinces
782 3325 811 3372 of
826 3325 945 3373 Bernicia
959 3323 1150 3385 andDeira,or

198 3396 255 3455 M.;
272 3398 478 3458 acceptoset‚A.
686 3395 715 3442 ol
733 3393 775 3442 th'e
797 3393 889 3442 former
909 3394 978 3454 only.
1013 3393 1089 3454 Upon
1110 3391 1151 3442 his

233 3462 245 3496 ⁸
262 3465 412 3528 Nunquam.
427 3499 434 3514 .
447 3499 453 3514 .
465 3464 592 3527 egebunt]
607 3464 661 3512 The
687 3463 763 3512 death
781 3464 808 3511 in
827 3468 885 3524 559,
896 3463 927 3512 he
938 3477 993 3511 was
1004 3461 1150 3510 'succeeded

197 3549 288 3585 source
298 3535 328 3584 ol
341 3535 391 3584 this
401 3535 561 3584 information
572 3539 663 3584 cannot
688 3534 714 3581 in
736 3534 856 3582 Ber-nicia
877 3534 913 3594 by
934 3532 974 3581 his
1001 3545 1069 3593 sons,
1090 3530 1149 3580 who

197 3605 406 3655 nowbetraced.
686 3603 790 3665 reigned
801 3602 972 3661 successively
981 3601 1022 3649 till
1036 3601 1078 3649 the
1088 3615 1151 3662 year

234 3672 466 3737 mutuaverunt]
482 3674 517 3723 Δ.
535 3673 570 3723 D.
586 3672 619 3721 E.
631 3671 662 3722 L.
687 3677 745 3734 588,
763 3673 839 3721 when
857 3671 996 3733 Aethelric,
1016 3685 1085 3732 upon
1106 3670 1150 3720 the

198 3745 257 3805 M.;
273 3744 512 3805 declinaverim&
527 3744 557 3792 C.
687 3742 764 3791 death
774 3743 804 3791 of
811 3741 881 3803 Aila,
899 3743 963 3803 king
979 3741 1008 3790 oi
1024 3741 1150 3803 Bemicin,

234 3812 365 3879 ‘Ituqae.]
381 3815 457 3864 ΑΗ.
469 3815 504 3863 D.
517 3813 550 3862 E.
562 3811 593 3862 L.
605 3812 663 3871 M.;
688 3813 738 3860 and
766 3811 809 3860 the
839 3813 973 3873 expulsion
995 3809 1024 3859 of
1043 3811 1083 3861 his
1104 3825 1150 3859 son

196 3886 326 4021 ophi]
343 3953 418 4001 Prior
433 3956 459 4000 to
474 3953 517 4001 the
534 3951 663 4000 accession
688 3881 1151 4013 oEidb'dllr'lllrlglldrllethiihlgllellgnhglcl

188 4023 229 4073 of
243 4023 301 4085 Ida,
312 4023 355 4071 the
366 4022 450 4071 Saron
461 4021 595 4071 Chronicle
606 4034 664 4068 con·
687 4020 726 4069 sor
736 4023 784 4070 live
794 4035 879 4082 years,
890 4021 954 4068 until
971 4019 1012 4067 his
1030 4017 1106 4066 death
1124 4018 1150 4065 in

196 4093 266 4142 taine
282 4108 315 4141 no
330 4093 412 4140 notice
429 4091 458 4140 oi
473 4091 663 4140 Nerthumhria.
688 4094 745 4139 593.
782 4090 907 4150 Compare
916 4089 959 4137 the
970 4091 1115 4137 statemente
1125 4087 1155 4136 of
1223 4089 1234 4110 ·

196 4163 253 4212 'Ibe
271 4163 356 4212 Saxon
371 4161 507 4210 Chroniole
523 4161 573 4210 and
591 4160 664 4209 Beda
689 4161 755 4210 Flor.
773 4159 887 4224 Wigorp.
905 4173 946 4207 an.
964 4161 1022 4218 559,
1039 4157 1088 4205 and
1100 4156 1152 4206 Ge·

196 4233 256 4298 (lih.
268 4245 293 4281 v·
305 4247 328 4282 c.
340 4228 385 4295 211)
402 4231 462 4280 both
480 4230 596 4280 consider
615 4230 665 4279 Ida
688 4231 754 4281 neal.
778 4230 860 4290 Regu.
880 4228 981 4277 Bernic.
1003 4232 1030 4276 et
1051 4228 1151 4277 Deiror.

190 4303 242 4352 the
258 4302 366 4352 founder
378 4300 413 4350 -of
421 4302 479 4352 this
497 4301 617 4363 kingdom
637 4301 669 4362 in
688 4301 750 4350 with
763 4299 864 4349 Simeon
875 4298 904 4348 of
911 4297 1036 4349 Dnrham.
