3180 5048
222 447 364 529 marn]
448 461 561 511 cnsrl
585 463 712 510 aucun
736 461 950 511 nucnoauu.
1106 448 1172 516 259

218 619 401 683 tabantur:
433 618 620 701 auditoque
643 618 735 701 quod
757 617 808 681 illi
838 617 1062 698 incontigua
1083 618 1171 682 villa

217 718 425 794 habitarent,
452 738 541 800 equo
568 719 703 782 concito
729 717 811 781 illuc
837 717 1014 782 contendit
1041 714 1168 800 juven—

217 817 315 880 culus
340 819 447 893 solus,
471 817 557 888 nihil
583 825 725 899 propter
746 817 976 882 innocentiam
998 823 1167 895 metuens,

217 916 362 980 aliorum
377 917 506 1000 quippe
519 917 652 982 animos
666 937 711 984 ex
728 935 792 981 suo
807 916 1014 998 ponderans.
1067 916 1167 981 Tunc

215 1015 287 1092 illa,
301 1016 458 1080 muliebri
472 1015 641 1080 blanditia
653 1016 898 1080 adventantem
916 1015 1083 1093 alliciens,
1099 1016 1166 1080 sibi

214 1113 296 1178 fecit
321 1115 510 1192 intendere,
538 1122 680 1197 etpost
708 1115 818 1180 libata
843 1115 941 1178 basia
970 1121 1165 1197 porrectum

213 1214 375 1294 poculum
404 1214 505 1280 avide
535 1211 750 1278 haurientem
778 1233 841 1296 per
876 1215 1061 1279 satellitem
1090 1215 1164 1280 sica
1175 1236 1316 1326 ommia

213 1312 420 1392 transfodit3
452 1333 521 1395 quo
552 1312 694 1378 vulnere
722 1314 871 1391 saucius,
907 1331 986 1378 cum
1022 1317 1162 1397 quantis
1176 1295 1284 1374 rto-'ll-
1318 1313 1324 1334 ’

213 1418 351 1493 poterat
387 1413 512 1478 animae
543 1412 697 1494 reliquiis
734 1413 931 1495 sonipedem
968 1413 1161 1481 calcaribus

213 1511 403 1576 monuisset
424 1511 468 1576 ad
490 1531 572 1576 suos
594 1512 732 1590 reverti,
755 1531 824 1576 uno
846 1513 933 1596 pede
955 1512 1086 1594 lapsus,
1108 1514 1160 1576 al·

212 1617 355 1693 toroque
370 1631 433 1693 per
448 1605 566 1676 ¹devia
589 1618 721 1677 tractus
746 1611 899 1677 undante
924 1631 1046 1676 cruore
1069 1613 1159 1678 indi·

212 1707 268 1774 cia
285 1709 446 1775 interitus
468 1711 524 1775 sui
546 1730 584 1774 se
607 1711 841 1793 quaerentibus
856 1710 960 1776 dedit.
1013 1711 1061 1775 Et
1076 1719 1158 1780 tunc

211 1808 350 1890 quidem
369 1803 462 1874 ²sine
484 1810 614 1874 honore
635 1810 728 1893 apud
742 1809 908 1880 Werharn
930 1809 1068 1892 sepeliri
1080 1810 1158 1894 jus·

209 1915 342 1986 serunt,
363 1908 558 1976 invidentes
585 1909 718 1976 scilicet
750 1916 886 1976 mortuo
912 1910 1076 1992 cespitem
1101 1930 1158 1977 ec·

210 2006 453 2086 clesiasticum,
478 2009 534 2072 cui
550 2009 633 2074 vivo
657 2009 854 2074 inviderant
876 2009 981 2073 decus
1004 2010 1155 2090 regium:

209 2107 404 2172 actitabant
426 2107 534 2190 igitur
555 2107 729 2190 publicam
752 2116 788 2173 et
812 2108 972 2173 festivam
986 2107 1157 2188 laetitiam,

212 2197 329 2287 ³quasi
356 2225 435 2272 cum
469 2227 612 2290 corpore
643 2208 774 2290 pariter
801 2207 1007 2274 infodissent
1028 2227 1156 2272 memo-

208 2304 315 2385 riam3
354 2306 414 2370 sed
450 2306 550 2372 affuit
587 2307 715 2376 divinae
754 2307 949 2374 serenitatis
981 2325 1156 2386 assensus,

208 2403 269 2487 qui
295 2404 497 2470 innocenter
519 2425 647 2472 caesum
673 2404 916 2470 miraculorum
938 2398 1156 2471 *sublimavit

208 2503 331 2585 gloria.
400 2503 500 2572 Adeo
528 2505 685 2571 coelestia
709 2503 842 2588 judicia
872 2505 1031 2568 humanis
1065 2525 1155 2587 prae·

207 2603 411 2684 ponderant,
432 2604 480 2668 ibi
500 2611 641 2671 ostensa
654 2606 698 2670 de
720 2604 809 2670 coelo
824 2603 968 2680 lumina,
989 2602 1039 2666 ibi
1060 2604 1155 2668 clau·

207 2702 272 2765 dus
296 2721 452 2785 gressum
475 2705 679 2786 composuit,
704 2703 753 2768 ibi
775 2709 891 2768 mutus
913 2721 1083 2784 organum
1100 2723 1154 2767 re·

206 2803 365 2884 sumpsit,
396 2801 444 2866 ibi
472 2821 613 2885 prorsus
643 2803 755 2869 omnis
781 2800 975 2866 invalitudo
1010 2801 1154 2874 sanitati

204 2901 318 2965 locum
331 2901 424 2968 fecit.
477 2902 626 2984 Sparsus
653 2922 769 2966 rumor
784 2921 845 2984 per
859 2907 969 2966 totam
986 2899 1153 2982 Angliam

203 3001 367 3083 martyris
389 3001 512 3065 menta
532 3001 755 3084 praedicabat.
807 2999 888 3079 Quo
909 2999 1025 3064 excita
1046 2999 1152 3069 inter·

204 3099 340 3178 sectrix,
372 3099 440 3166 iter
464 3100 546 3165 illuc
577 3100 818 3180 adoriebatur3
851 3101 995 3184 jamque
1026 3118 1152 3181 equum

203 3200 398 3266 inscensum
435 3199 584 3264 stimulis
620 3201 779 3282 urgebat,
820 3219 897 3264 cum
933 3198 1151 3265 manifestam

201 3299 289 3362 iram
305 3299 373 3363 Dei
391 3299 572 3382 persensit.
633 3297 775 3366 Animal
800 3317 948 3380 namque
969 3297 1152 3376 familiare,

202 3417 273 3479 quo
296 3398 415 3463 sedero
438 3404 678 3474 consueverat,
706 3405 810 3462 antea
825 3397 939 3460 ventis
964 3397 1151 3478 pernicius,

202 3497 295 3579 quod
327 3517 430 3562 auras
457 3497 553 3579 ipsas
582 3503 820 3579 praecurreret‚
852 3501 934 3561 tunc
967 3501 1054 3560 nutu
1084 3496 1151 3560 Dei

202 3598 319 3662 stabat
341 3597 536 3662 immobile:
568 3597 701 3660 instant
726 3595 886 3672 ministri,
913 3595 993 3659 hinc
1019 3594 1151 3676 flagris,

201 3695 296 3761 illino
320 3696 540 3773 clamoribus,
572 3703 612 3759 ut
636 3703 812 3778 potentem
844 3695 962 3758 heram
993 3712 1063 3776 qua
1092 3713 1150 3758 so-

221 3898 361 3986 ·lDevt'aJ
378 3902 412 3954 Α.
426 3905 456 3954 0·
469 3903 504 3952 D.
516 3903 550 3953 Ε.
561 3901 663 3963 Injde·
723 3919 853 3990 Qum]
879 3925 908 3973 c·
932 3926 983 3985 E.;
1008 3938 1081 3984 quas,
1099 3923 1149 3983 D&

202 3989 246 4070 ”2
256 3978 282 4022 ‘t
292 3974 383 4054 ‚alluh
394 3973 423 4024 δ’·
688 3994 766 4056 quod,
778 3993 807 4044 S.
821 4009 828 4054 ;
845 3994 916 4056 quia,
927 3993 960 4044 A.
970 3994 1002 4044 L.

269 4043 329 4092 Scae
352 4043 438 4091 bonore
459 4043 524 4105 apud
547 4039 663 4092 Werbcra

200 4111 454 4176 sepelirijusseraat]
467 4110 597 4160 Eadward
607 4123 662 4159 was
722 4130 923 4193 upupam&
948 4131 982 4182 Α,
1000 4132 1051 4192 E.;
1071 4133 1150 4180 subp.

202 4181 329 4242 martyred
345 4196 378 4231 on
395 4182 438 4230 the
451 4180 510 4229 lsth
527 4180 556 4230 of
570 4178 662 4227 March
687 4206 775 4264 maret,
787 4201 815 4250 S·
830 4202 859 4250 ο.
873 4201 907 4249 D¹
920 4201 951 4249 [ἡ

200 4252 270 4301 Μ).
282 4255 339 4301 978.
606 4277 613 4282 ·

983 4329 1027 4375 s2
