3150 5046
405 447 471 514 358
621 461 735 510 casm
759 460 886 508 uncum
909 461 1125 508 rucnoauu.
1220 446 1307 526 [nm.
1324 461 1364 509 11.

410 620 563 688 evanuit.
617 618 765 702 Corpus,
780 639 878 683 muro
894 617 1109 702 applicitum,
1125 617 1293 682 vastitate
1308 618 1364 682 sni

413 721 578 786 moenium
611 719 830 783 altitudinem
860 718 965 798 vicit3
1003 718 1063 782 sed
1099 718 1364 799 procedentibus

415 822 547 894 diebus,
562 818 744 883 stillicidiis
760 818 945 882 rorulentis
968 817 1133 893 infusum,
1148 836 1363 881 communem

416 920 613 985 mortalium
637 919 890 1001 corruptionem
907 918 1062 999 agnovit,
1090 924 1169 981 cute
1192 917 1367 982 solutast

419 1019 534 1085 nervis
550 1018 750 1082 fluentibus.

532 1253 580 1300 DE
603 1253 768 1300 MULIERE
792 1252 867 1301 DUO
890 1253 1056 1301 coRPoaA
1081 1253 1262 1302 HABENTE.

324 1444 350 1474 ιι
395 1452 404 1460 -
476 1412 583 1496 §207
606 1412 706 1476 Tunc
730 1430 868 1494 quoque
891 1411 927 1475 in
952 1411 1102 1476 confinio
1126 1411 1316 1476 Britanniae
1339 1420 1375 1476 et

262 1488 319 1627 lililv
296 1537 331 1626 ιιι
320 1488 384 1626 θιιἮᾱι
375 1511 652 1635 ynaNormanniae
674 1517 872 1595 portentum
888 1511 1002 1576 visum
1024 1513 1103 1575 est
1093 1532 1129 1576 m
1146 1531 1217 1576 una
1231 1512 1288 1576 vel
1308 1533 1372 1595 po·

361 1586 496 1676 dy'tius
513 1612 647 1675 duabus
670 1611 883 1674 mulieribus.
927 1611 1009 1674 Duo
1024 1618 1124 1674 erant
1140 1613 1268 1693 capita,
1284 1630 1371 1693 qua·

426 1720 506 1776 tuor
521 1711 675 1787 brachia,
690 1715 726 1774 et
747 1717 875 1773 caetera
898 1711 1036 1791 gemina
1057 1711 1174 1774 omnia
1196 1730 1306 1793 usqne
1328 1711 1373 1774 ad

427 1811 651 1876 umbilicum:
685 1809 829 1874 inferius
854 1810 925 1875 duo
953 1829 1066 1887 crura,
1092 1810 1162 1874 duo
1189 1811 1316 1893 pedes,
1338 1818 1374 1874 et

428 1918 556 1975 caetera
572 1910 689 1975 omnia
711 1908 862 1990 singula.
914 1909 1078 1987 Ridebat,
1094 1911 1307 1987 comedebat,
1322 1911 1373 1974 lo·

429 2011 601 2093 quebatur
624 2028 715 2074 una:
740 2007 858 2084 flebat,
884 2009 1070 2087 esuriebat,
1094 2011 1232 2077 tacebat
1251 2011 1372 2074 altera.

430 2111 502 2174 Ore
521 2109 659 2191 gemino
682 2107 967 2186 manducabatur,
991 2109 1053 2174 sed
1079 2129 1151 2173 uno
1177 2118 1295 2174 meatu
1322 2110 1373 2174 di-

430 2210 626 2291 gerebatur.
679 2206 861 2272 Postremo
882 2227 954 2272 una
982 2207 1158 2286 defuncta,
1180 2210 1375 2293 supervixit

430 2308 560 2374 altera:
583 2308 738 2391 portavit
750 2327 837 2389 pene
859 2307 1007 2372 triennio
1022 2309 1105 2372 viva
1117 2316 1301 2387 mortuam,
1315 2310 1375 2373 do-

431 2427 495 2472 nec
522 2414 557 2472 et
582 2407 672 2472 mole
697 2407 860 2490 ponderis
885 2414 921 2472 et
943 2407 1062 2472 nidore
1093 2408 1272 2474 cadaveris
1300 2410 1378 2491 ipsa

426 2527 570 2590 ¹quoque
595 2506 733 2571 defecit.
785 2507 953 2571 Putatum
978 2514 1031 2572 est
1055 2527 1076 2572 a
1101 2510 1320 2592 quibusdam,
1342 2517 1377 2573 et

432 2604 542 2671 literis
573 2607 677 2670 etiam
704 2605 883 2684 traditum,
915 2607 1007 2690 quod
1036 2607 1090 2670 hae
1115 2609 1275 2674 mulieres
1303 2607 1378 2674 An·

434 2706 541 2788 gliam
555 2712 591 2769 et
605 2706 856 2770 Normanniam
878 2707 1150 2788 significaverint
1162 2728 1171 2788 3
1194 2725 1285 2790 quae,
1298 2708 1379 2772 licet

435 2806 559 2888 spatiis
574 2811 744 2870 terrarum
761 2806 832 2868 sint
845 2805 979 2884 divisae,
994 2814 1076 2871 sunt
1090 2814 1207 2871 tamen
1228 2809 1293 2871 sub
1309 2829 1378 2872 uno

435 2906 588 2969 dominio
612 2906 731 2969 unitae.
784 2904 854 2969 Hae
876 2906 1038 2989 quicquid
1060 2909 1283 2989 pecuniarum
1306 2908 1380 2972 avi-

436 3005 489 3068 dis
506 3004 663 3068 faucibus
683 3005 927 3082 insorbuerint,
950 3006 987 3068 in
1012 3025 1116 3070 unam
1138 3007 1299 3072 lacunam
1321 3008 1380 3071 de-

438 3103 526 3179 duit,
540 3122 619 3184 quac
634 3104 681 3166 sit
693 3102 749 3168 vel
772 3104 964 3186 principum
981 3106 1142 3184 avaritia,
1156 3108 1213 3172 vel
1235 3108 1380 3172 circnm-

437 3203 629 3285 positarum
643 3203 797 3284 gentium
812 3203 960 3268 ferocia:
977 3212 1149 3270 mortuam
1164 3213 1200 3270 et
1213 3227 1302 3289 pene
1318 3227 1380 3271 ex·

439 3303 599 3367 haustam
617 3301 869 3368 Normanniam
886 3305 1008 3386 vigens
1034 3305 1188 3387 pecuniis
1209 3315 1381 3372 sustentat

440 3399 581 3483 Anglia,
599 3403 707 3466 donec
729 3410 765 3467 et
787 3403 865 3485 ipsa
881 3403 1039 3470 fortassis
1061 3407 1263 3470 succumbat
1278 3427 1380 3472 exac-

441 3506 555 3565 torum
578 3502 765 3582 violentia3
790 3503 875 3566 felix
899 3504 931 3567 si
954 3523 1107 3588 unquam
1127 3505 1165 3570 in
1186 3506 1381 3572 libertatem

440 3601 610 3682 respirare
623 3602 763 3684 poterit,
777 3601 877 3685 cujus
893 3603 1031 3668 inanem
1040 3604 1245 3687 jamdudum
1267 3626 1384 3688 perse-

440 3701 558 3781 quitur
578 3701 747 3766 umbram.
799 3701 905 3765 Nunc
926 3704 1034 3784 gemit
1054 3704 1310 3770 calamitatibus
1332 3706 1385 3770 af·

439 3798 546 3873 dicta,
570 3801 792 3882 pensionibus
815 3801 971 3866 addicta:
995 3821 1136 3866 causam
1158 3804 1303 3888 hujusce
1325 3826 1383 3870 ca·

439 3897 606 3964 lamitatis
627 3899 829 3978 describam,
852 3902 882 3964 si
903 3902 999 3983 prius
1016 3903 1174 3984 quaedam
1197 3893 1318 3970 dixero
1340 3906 1385 3970 ad

438 4016 510 4062 rem
536 4019 598 4082 per
599 3999 758 4064 tinentia.
820 3999 914 4077 Quia
935 4002 1026 4065 enim
1053 4002 1205 4068 forensia
1229 4013 1328 4088 gesta
1349 4013 1385 4070 et

274 4110 331 4152 ιιιι
330 4115 370 4152 t
379 4113 404 4153 ι
437 4100 579 4180 negotia
595 4099 721 4162 bellica
743 4119 862 4182 regum
878 4098 1072 4183 Anglorum
1088 4103 1156 4167 huc
1170 4123 1280 4186 usque
1303 4125 1385 4169 con-

273 4163 306 4249 Ἦ
294 4121 423 4252 ἮἮἮΜΒ
409 4175 546 4274 texui,
570 4198 653 4262 libct
640 4199 961 4282 taliquantisper
951 4221 987 4265 ιιι
1015 4204 1199 4268 sanctitate
1181 4225 1384 4290 equorun-
