<?xml version="1.0" encoding="UTF-8"?>
<!DOCTYPE html PUBLIC "-//W3C//DTD XHTML 1.0 Transitional//EN"
    "http://www.w3.org/TR/xhtml1/DTD/xhtml1-transitional.dtd">
<html xmlns="http://www.w3.org/1999/xhtml" xml:lang="en" lang="en">
 <head>
  <title>
</title>
<meta http-equiv="Content-Type" content="text/html;charset=utf-8" />
  <meta name='ocr-system' content='tesseract 3.04.00' />
  <meta name='ocr-capabilities' content='ocr_page ocr_carea ocr_par ocr_line ocrx_word'/>
</head>
<body>
  <div class='ocr_page' id='page_1' title='image "./willelmimalmesb01hardgoog_0248.png"; bbox 0 0 3180 5048; ppageno 0'>
   <div class='ocr_carea' id='block_1_1' title="bbox 402 498 1355 578">
    <p class='ocr_par' dir='ltr' id='par_1_1' title="bbox 402 498 1355 578">
     <span class='ocr_line' id='line_1_1' title="bbox 402 498 1355 578; baseline -0.008 -12"><span class='ocrx_word' id='word_1_1' title='bbox 402 502 468 566; x_wconf 77' lang='lat'>234</span> <span class='ocrx_word' id='word_1_2' title='bbox 632 513 745 562; x_wconf 73' lang='lat' dir='ltr'>ansus</span> <span class='ocrx_word' id='word_1_3' title='bbox 770 513 896 561; x_wconf 75' lang='lat' dir='ltr'>chaun</span> <span class='ocrx_word' id='word_1_4' title='bbox 920 511 1132 560; x_wconf 81' lang='lat' dir='ltr'>Anonoaun.</span> <span class='ocrx_word' id='word_1_5' title='bbox 1217 498 1301 578; x_wconf 80' lang='lat' dir='ltr'>[nin.</span> <span class='ocrx_word' id='word_1_6' title='bbox 1319 514 1355 560; x_wconf 91' lang='lat'>11.</span> 
     </span>
    </p>
   </div>
   <div class='ocr_carea' id='block_1_2' title="bbox 241 663 1359 3134">
    <p class='ocr_par' dir='ltr' id='par_1_2' title="bbox 241 663 1357 2237">
     <span class='ocr_line' id='line_1_2' title="bbox 405 663 1355 752; baseline -0.004 -17"><span class='ocrx_word' id='word_1_7' title='bbox 405 680 441 735; x_wconf 90' lang='lat' dir='ltr'>et</span> <span class='ocrx_word' id='word_1_8' title='bbox 464 672 555 736; x_wconf 89' lang='lat' dir='ltr'>inter</span> <span class='ocrx_word' id='word_1_9' title='bbox 585 691 622 735; x_wconf 90' lang='lat' dir='ltr'>se</span> <span class='ocrx_word' id='word_1_10' title='bbox 646 671 851 750; x_wconf 84' lang='lat' dir='ltr'>mussitare3</span> <span class='ocrx_word' id='word_1_11' title='bbox 875 669 971 733; x_wconf 90' lang='lat' dir='ltr'>solus</span> <span class='ocrx_word' id='word_1_12' title='bbox 997 670 1216 746; x_wconf 75' lang='lat' dir='ltr'>DunstanuS,</span> <span class='ocrx_word' id='word_1_13' title='bbox 1235 663 1244 699; x_wconf 88' lang='lat'>¹</span> <span class='ocrx_word' id='word_1_14' title='bbox 1247 669 1355 752; x_wconf 89' lang='lat' dir='ltr'>juxta</span> 
     </span>
     <span class='ocr_line' id='line_1_3' title="bbox 405 768 1355 850; baseline -0.002 -16"><span class='ocrx_word' id='word_1_15' title='bbox 405 772 553 835; x_wconf 88' lang='lat' dir='ltr'>nominis</span> <span class='ocrx_word' id='word_1_16' title='bbox 570 771 625 835; x_wconf 90' lang='lat' dir='ltr'>sui</span> <span class='ocrx_word' id='word_1_17' title='bbox 644 771 855 848; x_wconf 89' lang='lat' dir='ltr'>firmitatem,</span> <span class='ocrx_word' id='word_1_18' title='bbox 878 769 964 833; x_wconf 89' lang='lat' dir='ltr'>nihil</span> <span class='ocrx_word' id='word_1_19' title='bbox 990 769 1106 850; x_wconf 90' lang='lat' dir='ltr'>regale</span> <span class='ocrx_word' id='word_1_20' title='bbox 1134 768 1355 850; x_wconf 86' lang='lat' dir='ltr'>supercilium</span> 
     </span>
     <span class='ocr_line' id='line_1_4' title="bbox 406 868 1356 952; baseline -0.004 -17"><span class='ocrx_word' id='word_1_21' title='bbox 406 872 552 948; x_wconf 77' lang='lat' dir='ltr'>verituS,</span> <span class='ocrx_word' id='word_1_22' title='bbox 592 871 830 934; x_wconf 83' lang='lat' dir='ltr'>lascivientem</span> <span class='ocrx_word' id='word_1_23' title='bbox 868 869 1097 952; x_wconf 89' lang='lat' dir='ltr'>juvenculum</span> <span class='ocrx_word' id='word_1_24' title='bbox 1129 868 1299 932; x_wconf 89' lang='lat' dir='ltr'>violenter</span> <span class='ocrx_word' id='word_1_25' title='bbox 1336 889 1356 931; x_wconf 94' lang='lat' dir='ltr'>e</span> 
     </span>
     <span class='ocr_line' id='line_1_5' title="bbox 407 963 1357 1050; baseline -0.004 -16"><span class='ocrx_word' id='word_1_26' title='bbox 407 971 566 1034; x_wconf 90' lang='lat' dir='ltr'>cubiculo</span> <span class='ocrx_word' id='word_1_27' title='bbox 591 970 776 1046; x_wconf 81' lang='lat' dir='ltr'>abstraxit,</span> <span class='ocrx_word' id='word_1_28' title='bbox 803 977 839 1033; x_wconf 91' lang='lat' dir='ltr'>et</span> <span class='ocrx_word' id='word_1_29' title='bbox 855 963 935 1050; x_wconf 82' lang='lat' dir='ltr'>²per</span> <span class='ocrx_word' id='word_1_30' title='bbox 953 968 1110 1032; x_wconf 88' lang='lat' dir='ltr'>Odonem</span> <span class='ocrx_word' id='word_1_31' title='bbox 1128 967 1357 1049; x_wconf 90' lang='lat' dir='ltr'>archiepisco-</span> 
     </span>
     <span class='ocr_line' id='line_1_6' title="bbox 406 1067 1357 1153; baseline -0.003 -20"><span class='ocrx_word' id='word_1_32' title='bbox 406 1090 489 1153; x_wconf 90' lang='lat' dir='ltr'>pum</span> <span class='ocrx_word' id='word_1_33' title='bbox 507 1069 664 1153; x_wconf 85' lang='lat' dir='ltr'>pellicem</span> <span class='ocrx_word' id='word_1_34' title='bbox 677 1068 859 1152; x_wconf 89' lang='lat' dir='ltr'>repudiare</span> <span class='ocrx_word' id='word_1_35' title='bbox 875 1076 1045 1145; x_wconf 90' lang='lat' dir='ltr'>coactum,</span> <span class='ocrx_word' id='word_1_36' title='bbox 1068 1075 1272 1149; x_wconf 91' lang='lat' dir='ltr'>perpetuum</span> <span class='ocrx_word' id='word_1_37' title='bbox 1290 1067 1357 1130; x_wconf 90' lang='lat' dir='ltr'>sibi</span> 
     </span>
     <span class='ocr_line' id='line_1_7' title="bbox 406 1166 1356 1248; baseline -0.004 -16"><span class='ocrx_word' id='word_1_38' title='bbox 406 1169 585 1233; x_wconf 91' lang='lat' dir='ltr'>inimicum</span> <span class='ocrx_word' id='word_1_39' title='bbox 609 1167 703 1232; x_wconf 84' lang='lat' dir='ltr'>fecit.</span> <span class='ocrx_word' id='word_1_40' title='bbox 756 1168 845 1248; x_wconf 87' lang='lat' dir='ltr'>Mox</span> <span class='ocrx_word' id='word_1_41' title='bbox 872 1168 1011 1241; x_wconf 84' lang='lat' dir='ltr'>etenim,</span> <span class='ocrx_word' id='word_1_42' title='bbox 1028 1166 1228 1230; x_wconf 84' lang='lat' dir='ltr'>miserrimis</span> <span class='ocrx_word' id='word_1_43' title='bbox 1251 1166 1356 1229; x_wconf 88' lang='lat' dir='ltr'>satel-</span> 
     </span>
     <span class='ocr_line' id='line_1_8' title="bbox 408 1263 1354 1347; baseline -0.002 -17"><span class='ocrx_word' id='word_1_44' title='bbox 408 1268 528 1332; x_wconf 92' lang='lat' dir='ltr'>litibus</span> <span class='ocrx_word' id='word_1_45' title='bbox 546 1268 729 1344; x_wconf 85' lang='lat' dir='ltr'>subnixus,</span> <span class='ocrx_word' id='word_1_46' title='bbox 750 1285 868 1330; x_wconf 91' lang='lat' dir='ltr'>omnes</span> <span class='ocrx_word' id='word_1_47' title='bbox 885 1267 922 1328; x_wconf 92' lang='lat' dir='ltr'>in</span> <span class='ocrx_word' id='word_1_48' title='bbox 935 1273 1012 1330; x_wconf 90' lang='lat' dir='ltr'>tota</span> <span class='ocrx_word' id='word_1_49' title='bbox 1029 1263 1161 1347; x_wconf 86' lang='lat' dir='ltr'>Anglia</span> <span class='ocrx_word' id='word_1_50' title='bbox 1175 1266 1354 1329; x_wconf 84' lang='lat' dir='ltr'>monastici</span> 
     </span>
     <span class='ocr_line' id='line_1_9' title="bbox 407 1364 1354 1448; baseline -0.003 -18"><span class='ocrx_word' id='word_1_51' title='bbox 407 1366 538 1434; x_wconf 85' lang='lat' dir='ltr'>ordinis</span> <span class='ocrx_word' id='word_1_52' title='bbox 561 1367 728 1444; x_wconf 68' lang='lat' dir='ltr'>homines</span> <span class='ocrx_word' id='word_1_53' title='bbox 746 1366 842 1448; x_wconf 92' lang='lat' dir='ltr'>prius</span> <span class='ocrx_word' id='word_1_54' title='bbox 867 1365 1017 1428; x_wconf 88' lang='lat' dir='ltr'>nudatos</span> <span class='ocrx_word' id='word_1_55' title='bbox 1042 1364 1248 1429; x_wconf 84' lang='lat' dir='ltr'>facultatum</span> <span class='ocrx_word' id='word_1_56' title='bbox 1266 1383 1354 1428; x_wconf 88' lang='lat' dir='ltr'>aux-</span> 
     </span>
     <span class='ocr_line' id='line_1_10' title="bbox 406 1463 1356 1548; baseline -0.002 -20"><span class='ocrx_word' id='word_1_57' title='bbox 406 1466 480 1540; x_wconf 90' lang='lat' dir='ltr'>ilio,</span> <span class='ocrx_word' id='word_1_58' title='bbox 495 1472 576 1548; x_wconf 92' lang='lat' dir='ltr'>post</span> <span class='ocrx_word' id='word_1_59' title='bbox 600 1467 705 1529; x_wconf 90' lang='lat' dir='ltr'>etiam</span> <span class='ocrx_word' id='word_1_60' title='bbox 728 1465 930 1547; x_wconf 90' lang='lat' dir='ltr'>deportatos</span> <span class='ocrx_word' id='word_1_61' title='bbox 954 1463 1073 1541; x_wconf 85' lang='lat' dir='ltr'>exilio,</span> <span class='ocrx_word' id='word_1_62' title='bbox 1100 1463 1356 1528; x_wconf 83' lang='lat' dir='ltr'>calamitatibus</span> 
     </span>
     <span class='ocr_line' id='line_1_11' title="bbox 243 1563 1355 1676; baseline 0.001 -51"><span class='ocrx_word' id='word_1_63' title='bbox 243 1587 342 1676; x_wconf 55' lang='lat' dir='ltr'>raupta</span> <span class='ocrx_word' id='word_1_64' title='bbox 358 1587 393 1625; x_wconf 76' lang='lat' dir='ltr'>aa·</span> <span class='ocrx_word' id='word_1_65' title='bbox 406 1565 558 1648; x_wconf 85' lang='lat' dir='ltr'>indignis</span> <span class='ocrx_word' id='word_1_66' title='bbox 586 1565 713 1629; x_wconf 87' lang='lat' dir='ltr'>affecit.</span> <span class='ocrx_word' id='word_1_67' title='bbox 766 1564 888 1647; x_wconf 90' lang='lat' dir='ltr'>Ipsum</span> <span class='ocrx_word' id='word_1_68' title='bbox 906 1563 1141 1641; x_wconf 87' lang='lat' dir='ltr'>Dunstanum,</span> <span class='ocrx_word' id='word_1_69' title='bbox 1170 1564 1355 1627; x_wconf 93' lang='lat' dir='ltr'>monacho-</span> 
     </span>
     <span class='ocr_line' id='line_1_12' title="bbox 241 1638 1357 1747; baseline -0.001 -21"><span class='ocrx_word' id='word_1_70' title='bbox 241 1639 323 1727; x_wconf 66' lang='lat' dir='ltr'>¹9¹i⁸a⁶⁶&#39;</span> <span class='ocrx_word' id='word_1_71' title='bbox 338 1638 393 1676; x_wconf 53' lang='grc' dir='ltr'>Μ’</span> <span class='ocrx_word' id='word_1_72' title='bbox 405 1684 483 1727; x_wconf 91' lang='lat' dir='ltr'>rum</span> <span class='ocrx_word' id='word_1_73' title='bbox 507 1665 752 1747; x_wconf 91' lang='lat' dir='ltr'>primicerium,</span> <span class='ocrx_word' id='word_1_74' title='bbox 775 1657 830 1728; x_wconf 76' lang='lat' dir='ltr'>³in</span> <span class='ocrx_word' id='word_1_75' title='bbox 854 1663 1055 1727; x_wconf 88' lang='lat' dir='ltr'>Flandriam</span> <span class='ocrx_word' id='word_1_76' title='bbox 1077 1661 1251 1744; x_wconf 87' lang='lat' dir='ltr'>propellit.</span> <span class='ocrx_word' id='word_1_77' title='bbox 1303 1662 1357 1725; x_wconf 89' lang='lat' dir='ltr'>Ea</span> 
     </span>
     <span class='ocr_line' id='line_1_13' title="bbox 405 1761 1356 1847; baseline -0.004 -19"><span class='ocrx_word' id='word_1_78' title='bbox 405 1771 613 1847; x_wconf 87' lang='lat' dir='ltr'>tempestate</span> <span class='ocrx_word' id='word_1_79' title='bbox 635 1764 742 1828; x_wconf 89' lang='lat' dir='ltr'>facies</span> <span class='ocrx_word' id='word_1_80' title='bbox 764 1763 1052 1828; x_wconf 89' lang='lat' dir='ltr'>monasteriorum</span> <span class='ocrx_word' id='word_1_81' title='bbox 1077 1762 1172 1826; x_wconf 87' lang='lat' dir='ltr'>foeda</span> <span class='ocrx_word' id='word_1_82' title='bbox 1196 1767 1231 1825; x_wconf 90' lang='lat' dir='ltr'>et</span> <span class='ocrx_word' id='word_1_83' title='bbox 1253 1761 1356 1824; x_wconf 88' lang='lat' dir='ltr'>mise·</span> 
     </span>
     <span class='ocr_line' id='line_1_14' title="bbox 406 1857 1354 1944; baseline -0.004 -18"><span class='ocrx_word' id='word_1_84' title='bbox 406 1864 525 1928; x_wconf 87' lang='lat' dir='ltr'>rabilis</span> <span class='ocrx_word' id='word_1_85' title='bbox 543 1870 637 1944; x_wconf 82' lang='lat' dir='ltr'>erat3</span> <span class='ocrx_word' id='word_1_86' title='bbox 660 1857 761 1926; x_wconf 70' lang='lat' dir='ltr'>⁴nam</span> <span class='ocrx_word' id='word_1_87' title='bbox 775 1869 810 1926; x_wconf 90' lang='lat' dir='ltr'>et</span> <span class='ocrx_word' id='word_1_88' title='bbox 826 1861 1124 1926; x_wconf 87' lang='lat' dir='ltr'>Malmesbiriense</span> <span class='ocrx_word' id='word_1_89' title='bbox 1147 1861 1354 1938; x_wconf 91' lang='lat' dir='ltr'>coenobium,</span> 
     </span>
     <span class='ocr_line' id='line_1_15' title="bbox 406 1961 1355 2045; baseline -0.004 -19"><span class='ocrx_word' id='word_1_90' title='bbox 406 1963 593 2044; x_wconf 86' lang='lat' dir='ltr'>plusquam</span> <span class='ocrx_word' id='word_1_91' title='bbox 619 1961 777 2026; x_wconf 88' lang='lat' dir='ltr'>ducentis</span> <span class='ocrx_word' id='word_1_92' title='bbox 805 1961 1028 2045; x_wconf 83' lang='lat' dir='ltr'>septuaginta</span> <span class='ocrx_word' id='word_1_93' title='bbox 1054 1961 1154 2024; x_wconf 91' lang='lat' dir='ltr'>annis</span> <span class='ocrx_word' id='word_1_94' title='bbox 1182 1980 1204 2024; x_wconf 90' lang='lat' dir='ltr'>a</span> <span class='ocrx_word' id='word_1_95' title='bbox 1235 1978 1355 2023; x_wconf 91' lang='lat' dir='ltr'>mona-</span> 
     </span>
     <span class='ocr_line' id='line_1_16' title="bbox 405 2058 1356 2138; baseline -0.003 -13"><span class='ocrx_word' id='word_1_96' title='bbox 405 2062 481 2125; x_wconf 88' lang='lat' dir='ltr'>chis</span> <span class='ocrx_word' id='word_1_97' title='bbox 497 2062 742 2138; x_wconf 89' lang='lat' dir='ltr'>inhabitatum,</span> <span class='ocrx_word' id='word_1_98' title='bbox 757 2060 933 2125; x_wconf 87' lang='lat' dir='ltr'>stabulum</span> <span class='ocrx_word' id='word_1_99' title='bbox 947 2061 1149 2124; x_wconf 90' lang='lat' dir='ltr'>clericorum</span> <span class='ocrx_word' id='word_1_100' title='bbox 1164 2059 1257 2123; x_wconf 87' lang='lat' dir='ltr'>lecit.</span> <span class='ocrx_word' id='word_1_101' title='bbox 1289 2058 1356 2122; x_wconf 89' lang='lat' dir='ltr'>Sed</span> 
     </span>
     <span class='ocr_line' id='line_1_17' title="bbox 407 2159 1357 2237; baseline -0.001 -14"><span class='ocrx_word' id='word_1_102' title='bbox 407 2169 459 2236; x_wconf 92' lang='lat' dir='ltr'>tu,</span> <span class='ocrx_word' id='word_1_103' title='bbox 471 2160 620 2224; x_wconf 91' lang='lat' dir='ltr'>Domine</span> <span class='ocrx_word' id='word_1_104' title='bbox 631 2160 656 2225; x_wconf 83' lang='lat' dir='ltr'>J</span> <span class='ocrx_word' id='word_1_105' title='bbox 658 2178 732 2237; x_wconf 87' lang='lat' dir='ltr'>esu,</span> <span class='ocrx_word' id='word_1_106' title='bbox 744 2165 880 2224; x_wconf 89' lang='lat' dir='ltr'>creator</span> <span class='ocrx_word' id='word_1_107' title='bbox 889 2166 925 2223; x_wconf 91' lang='lat' dir='ltr'>et</span> <span class='ocrx_word' id='word_1_108' title='bbox 933 2165 1107 2224; x_wconf 89' lang='lat' dir='ltr'>recreator</span> <span class='ocrx_word' id='word_1_109' title='bbox 1121 2165 1251 2235; x_wconf 89' lang='lat' dir='ltr'>noster,</span> <span class='ocrx_word' id='word_1_110' title='bbox 1268 2159 1357 2222; x_wconf 92' lang='lat' dir='ltr'>bone</span> 
     </span>
    </p>

    <p class='ocr_par' dir='ltr' id='par_1_3' title="bbox 378 2257 1359 3134">
     <span class='ocr_line' id='line_1_18' title="bbox 378 2257 1357 2345; baseline -0.003 -22"><span class='ocrx_word' id='word_1_111' title='bbox 378 2341 380 2345; x_wconf 21' lang='grc' dir='ltr'>Ι</span> <span class='ocrx_word' id='word_1_112' title='bbox 407 2259 549 2336; x_wconf 84' lang='lat' dir='ltr'>artifex,</span> <span class='ocrx_word' id='word_1_113' title='bbox 572 2260 789 2341; x_wconf 93' lang='lat' dir='ltr'>multumque</span> <span class='ocrx_word' id='word_1_114' title='bbox 820 2265 944 2341; x_wconf 88' lang='lat' dir='ltr'>potens</span> <span class='ocrx_word' id='word_1_115' title='bbox 972 2258 1121 2322; x_wconf 81' lang='lat' dir='ltr'>formare</span> <span class='ocrx_word' id='word_1_116' title='bbox 1153 2264 1273 2322; x_wconf 88' lang='lat' dir='ltr'>nostra</span> <span class='ocrx_word' id='word_1_117' title='bbox 1298 2257 1357 2320; x_wconf 89' lang='lat' dir='ltr'>de-</span> 
     </span>
     <span class='ocr_line' id='line_1_19' title="bbox 408 2357 1357 2441; baseline -0.001 -20"><span class='ocrx_word' id='word_1_118' title='bbox 408 2358 532 2422; x_wconf 79' lang='lat' dir='ltr'>formia</span> <span class='ocrx_word' id='word_1_119' title='bbox 565 2378 627 2441; x_wconf 89' lang='lat' dir='ltr'>per</span> <span class='ocrx_word' id='word_1_120' title='bbox 660 2358 739 2422; x_wconf 87' lang='lat' dir='ltr'>illos</span> <span class='ocrx_word' id='word_1_121' title='bbox 765 2357 920 2422; x_wconf 88' lang='lat' dir='ltr'>homines</span> <span class='ocrx_word' id='word_1_122' title='bbox 945 2357 1154 2439; x_wconf 81' lang='lat' dir='ltr'>irregulares</span> <span class='ocrx_word' id='word_1_123' title='bbox 1177 2364 1213 2421; x_wconf 91' lang='lat' dir='ltr'>et</span> <span class='ocrx_word' id='word_1_124' title='bbox 1235 2375 1357 2438; x_wconf 66' lang='lat' dir='ltr'>vagos»,</span> 
     </span>
     <span class='ocr_line' id='line_1_20' title="bbox 408 2456 1355 2539; baseline -0.003 -17"><span class='ocrx_word' id='word_1_125' title='bbox 408 2458 611 2522; x_wconf 87' lang='lat' dir='ltr'>thesaurum</span> <span class='ocrx_word' id='word_1_126' title='bbox 629 2465 727 2521; x_wconf 89' lang='lat' dir='ltr'>tuum</span> <span class='ocrx_word' id='word_1_127' title='bbox 742 2464 796 2521; x_wconf 92' lang='lat' dir='ltr'>tot</span> <span class='ocrx_word' id='word_1_128' title='bbox 811 2459 911 2520; x_wconf 88' lang='lat' dir='ltr'>annis</span> <span class='ocrx_word' id='word_1_129' title='bbox 930 2457 1085 2521; x_wconf 90' lang='lat' dir='ltr'>abditum</span> <span class='ocrx_word' id='word_1_130' title='bbox 1097 2456 1133 2518; x_wconf 91' lang='lat' dir='ltr'>in</span> <span class='ocrx_word' id='word_1_131' title='bbox 1149 2456 1261 2520; x_wconf 92' lang='lat' dir='ltr'>lucem</span> <span class='ocrx_word' id='word_1_132' title='bbox 1275 2475 1355 2539; x_wconf 88' lang='lat' dir='ltr'>pro-</span> 
     </span>
     <span class='ocr_line' id='line_1_21' title="bbox 408 2555 1357 2639; baseline -0.003 -19"><span class='ocrx_word' id='word_1_133' title='bbox 408 2556 550 2639; x_wconf 86' lang='lat' dir='ltr'>palasti,</span> <span class='ocrx_word' id='word_1_134' title='bbox 568 2558 662 2620; x_wconf 89' lang='lat' dir='ltr'>beati</span> <span class='ocrx_word' id='word_1_135' title='bbox 678 2555 830 2621; x_wconf 86' lang='lat' dir='ltr'>Aldelmi</span> <span class='ocrx_word' id='word_1_136' title='bbox 847 2575 973 2639; x_wconf 88' lang='lat' dir='ltr'>corpus</span> <span class='ocrx_word' id='word_1_137' title='bbox 998 2555 1087 2633; x_wconf 91' lang='lat' dir='ltr'>dico,</span> <span class='ocrx_word' id='word_1_138' title='bbox 1107 2555 1200 2638; x_wconf 92' lang='lat' dir='ltr'>quod</span> <span class='ocrx_word' id='word_1_139' title='bbox 1225 2555 1294 2637; x_wconf 90' lang='lat' dir='ltr'>ipsi</span> <span class='ocrx_word' id='word_1_140' title='bbox 1314 2555 1357 2618; x_wconf 89' lang='lat' dir='ltr'>de</span> 
     </span>
     <span class='ocr_line' id='line_1_22' title="bbox 407 2651 1357 2720; baseline -0.001 0"><span class='ocrx_word' id='word_1_141' title='bbox 407 2664 500 2720; x_wconf 87' lang='lat' dir='ltr'>terra</span> <span class='ocrx_word' id='word_1_142' title='bbox 530 2656 705 2720; x_wconf 89' lang='lat' dir='ltr'>elevatum</span> <span class='ocrx_word' id='word_1_143' title='bbox 737 2657 773 2719; x_wconf 89' lang='lat' dir='ltr'>iu</span> <span class='ocrx_word' id='word_1_144' title='bbox 801 2657 928 2720; x_wconf 87' lang='lat' dir='ltr'>scrinio</span> <span class='ocrx_word' id='word_1_145' title='bbox 958 2656 1128 2719; x_wconf 91' lang='lat' dir='ltr'>locarunt.</span> <span class='ocrx_word' id='word_1_146' title='bbox 1198 2651 1357 2719; x_wconf 85' lang='lat' dir='ltr'>Accessit</span> 
     </span>
     <span class='ocr_line' id='line_1_23' title="bbox 406 2753 1358 2837; baseline -0.003 -19"><span class='ocrx_word' id='word_1_147' title='bbox 406 2756 610 2820; x_wconf 86' lang='lat' dir='ltr'>clericorum</span> <span class='ocrx_word' id='word_1_148' title='bbox 643 2755 764 2837; x_wconf 85' lang='lat' dir='ltr'>gloriae</span> <span class='ocrx_word' id='word_1_149' title='bbox 794 2755 923 2836; x_wconf 84' lang='lat' dir='ltr'>regalis</span> <span class='ocrx_word' id='word_1_150' title='bbox 959 2754 1163 2831; x_wconf 79' lang='lat' dir='ltr'>liberalitas,</span> <span class='ocrx_word' id='word_1_151' title='bbox 1191 2760 1232 2816; x_wconf 91' lang='lat' dir='ltr'>ut</span> <span class='ocrx_word' id='word_1_152' title='bbox 1259 2753 1358 2817; x_wconf 91' lang='lat' dir='ltr'>daret</span> 
     </span>
     <span class='ocr_line' id='line_1_24' title="bbox 407 2853 1358 2936; baseline -0.002 -19"><span class='ocrx_word' id='word_1_153' title='bbox 407 2860 529 2918; x_wconf 88' lang='lat' dir='ltr'>sancto</span> <span class='ocrx_word' id='word_1_154' title='bbox 552 2854 732 2936; x_wconf 86' lang='lat' dir='ltr'>praedium,</span> <span class='ocrx_word' id='word_1_155' title='bbox 758 2854 987 2936; x_wconf 86' lang='lat' dir='ltr'>amplitudine</span> <span class='ocrx_word' id='word_1_156' title='bbox 1014 2860 1051 2917; x_wconf 92' lang='lat' dir='ltr'>et</span> <span class='ocrx_word' id='word_1_157' title='bbox 1076 2853 1256 2918; x_wconf 86' lang='lat' dir='ltr'>vicinitate</span> <span class='ocrx_word' id='word_1_158' title='bbox 1280 2853 1358 2934; x_wconf 87' lang='lat' dir='ltr'>ipsa</span> 
     </span>
     <span class='ocr_line' id='line_1_25' title="bbox 407 2951 1359 3035; baseline -0.002 -19"><span class='ocrx_word' id='word_1_159' title='bbox 407 2960 715 3035; x_wconf 87' lang='lat' dir='ltr'>peropportunum.</span> <span class='ocrx_word' id='word_1_160' title='bbox 774 2952 948 3017; x_wconf 84' lang='lat' dir='ltr'>Caeterum</span> <span class='ocrx_word' id='word_1_161' title='bbox 971 2953 1076 3034; x_wconf 90' lang='lat' dir='ltr'>longe</span> <span class='ocrx_word' id='word_1_162' title='bbox 1098 2951 1216 3015; x_wconf 91' lang='lat' dir='ltr'>horret</span> <span class='ocrx_word' id='word_1_163' title='bbox 1238 2958 1359 3015; x_wconf 90' lang='lat' dir='ltr'>nostra</span> 
     </span>
     <span class='ocr_line' id='line_1_26' title="bbox 407 3051 1357 3134; baseline 0.001 -21"><span class='ocrx_word' id='word_1_164' title='bbox 407 3051 574 3115; x_wconf 90' lang='lat' dir='ltr'>memoria</span> <span class='ocrx_word' id='word_1_165' title='bbox 597 3071 702 3133; x_wconf 93' lang='lat' dir='ltr'>quam</span> <span class='ocrx_word' id='word_1_166' title='bbox 724 3052 886 3116; x_wconf 88' lang='lat' dir='ltr'>immanis</span> <span class='ocrx_word' id='word_1_167' title='bbox 908 3051 1013 3115; x_wconf 87' lang='lat' dir='ltr'>fuerit</span> <span class='ocrx_word' id='word_1_168' title='bbox 1033 3053 1070 3114; x_wconf 92' lang='lat' dir='ltr'>in</span> <span class='ocrx_word' id='word_1_169' title='bbox 1087 3051 1224 3134; x_wconf 92' lang='lat' dir='ltr'>reliqua</span> <span class='ocrx_word' id='word_1_170' title='bbox 1239 3070 1357 3114; x_wconf 91' lang='lat' dir='ltr'>coeno·</span> 
     </span>
    </p>
   </div>
   <div class='ocr_carea' id='block_1_3' title="bbox 405 3149 1358 3234">
    <p class='ocr_par' dir='ltr' id='par_1_4' title="bbox 405 3149 1358 3234">
     <span class='ocr_line' id='line_1_27' title="bbox 405 3149 1358 3234; baseline 0.001 -21"><span class='ocrx_word' id='word_1_171' title='bbox 405 3151 477 3227; x_wconf 90' lang='lat' dir='ltr'>bia,</span> <span class='ocrx_word' id='word_1_172' title='bbox 489 3155 524 3212; x_wconf 94' lang='lat' dir='ltr'>et</span> <span class='ocrx_word' id='word_1_173' title='bbox 537 3158 679 3233; x_wconf 89' lang='lat' dir='ltr'>propter</span> <span class='ocrx_word' id='word_1_174' title='bbox 693 3152 807 3215; x_wconf 92' lang='lat' dir='ltr'>aetatis</span> <span class='ocrx_word' id='word_1_175' title='bbox 824 3150 1007 3227; x_wconf 89' lang='lat' dir='ltr'>lubricum,</span> <span class='ocrx_word' id='word_1_176' title='bbox 1023 3157 1059 3214; x_wconf 92' lang='lat' dir='ltr'>et</span> <span class='ocrx_word' id='word_1_177' title='bbox 1073 3157 1215 3234; x_wconf 89' lang='lat' dir='ltr'>propter</span> <span class='ocrx_word' id='word_1_178' title='bbox 1224 3149 1358 3232; x_wconf 89' lang='lat' dir='ltr'>pellicis</span> 
     </span>
    </p>
   </div>
   <div class='ocr_carea' id='block_1_4' title="bbox 406 3380 1360 4353">
    <p class='ocr_par' dir='ltr' id='par_1_5' title="bbox 406 3380 1360 4353">
     <span class='ocr_line' id='line_1_28' title="bbox 420 3380 1358 3450; baseline -0.002 -18"><span class='ocrx_word' id='word_1_179' title='bbox 420 3380 868 3450; x_wconf 19' lang='lat' dir='ltr'>J¹Jaxtoaomtairauifirmitotern.]</span> <span class='ocrx_word' id='word_1_180' title='bbox 896 3382 1020 3444; x_wconf 85' lang='lat' dir='ltr'>Compare</span> <span class='ocrx_word' id='word_1_181' title='bbox 1050 3382 1118 3431; x_wconf 85' lang='lat' dir='ltr'>Flor.</span> <span class='ocrx_word' id='word_1_182' title='bbox 1142 3381 1256 3442; x_wconf 84' lang='lat' dir='ltr'>Wigorn.</span> <span class='ocrx_word' id='word_1_183' title='bbox 1286 3381 1358 3430; x_wconf 88' lang='lat' dir='ltr'><strong>A.D.</strong></span> 
     </span>
     <span class='ocr_line' id='line_1_29' title="bbox 406 3452 952 3514; baseline 0.004 -14"><span class='ocrx_word' id='word_1_184' title='bbox 406 3452 431 3500; x_wconf 92' lang='lat' dir='ltr'>A</span> <span class='ocrx_word' id='word_1_185' title='bbox 450 3454 547 3503; x_wconf 87' lang='lat' dir='ltr'>similar</span> <span class='ocrx_word' id='word_1_186' title='bbox 568 3453 715 3514; x_wconf 84' lang='lat' dir='ltr'>expression</span> <span class='ocrx_word' id='word_1_187' title='bbox 737 3468 827 3502; x_wconf 84' lang='lat' dir='ltr'>occurs</span> <span class='ocrx_word' id='word_1_188' title='bbox 844 3453 871 3500; x_wconf 90' lang='lat' dir='ltr'>in</span> <span class='ocrx_word' id='word_1_189' title='bbox 896 3456 952 3502; x_wconf 83' lang='grc'><strong>958.</strong></span> 
     </span>
     <span class='ocr_line' id='line_1_30' title="bbox 407 3519 1360 3586; baseline -0.004 -15"><span class='ocrx_word' id='word_1_190' title='bbox 407 3522 531 3586; x_wconf 83' lang='lat' dir='ltr'>Oaberne,</span> <span class='ocrx_word' id='word_1_191' title='bbox 546 3522 588 3572; x_wconf 90' lang='lat' dir='ltr'>De</span> <span class='ocrx_word' id='word_1_192' title='bbox 599 3523 660 3571; x_wconf 83' lang='lat' dir='ltr'>Vita</span> <span class='ocrx_word' id='word_1_193' title='bbox 678 3522 705 3572; x_wconf 89' lang='lat' dir='ltr'>S.</span> <span class='ocrx_word' id='word_1_194' title='bbox 723 3522 869 3571; x_wconf 81' lang='lat' dir='ltr'>Dunstani:</span> <span class='ocrx_word' id='word_1_195' title='bbox 931 3519 981 3570; x_wconf 80' lang='lat' dir='ltr'>³Ia</span> <span class='ocrx_word' id='word_1_196' title='bbox 990 3519 1276 3584; x_wconf 80' lang='lat' dir='ltr'>Floadriumpropellit.]</span> <span class='ocrx_word' id='word_1_197' title='bbox 1286 3520 1360 3568; x_wconf 89' lang='lat' dir='ltr'>Dun-</span> 
     </span>
     <span class='ocr_line' id='line_1_31' title="bbox 407 3589 1357 3655; baseline -0.002 -15"><span class='ocrx_word' id='word_1_198' title='bbox 407 3592 476 3642; x_wconf 86' lang='lat' dir='ltr'>‘Sed</span> <span class='ocrx_word' id='word_1_199' title='bbox 487 3593 540 3654; x_wconf 87' lang='lat' dir='ltr'>ille,</span> <span class='ocrx_word' id='word_1_200' title='bbox 553 3594 630 3655; x_wconf 86' lang='lat' dir='ltr'>juxta</span> <span class='ocrx_word' id='word_1_201' title='bbox 642 3591 819 3654; x_wconf 75' lang='lat' dir='ltr'>etymologiam</span> <span class='ocrx_word' id='word_1_202' title='bbox 827 3607 871 3640; x_wconf 88' lang='lat' dir='ltr'>no·</span> <span class='ocrx_word' id='word_1_203' title='bbox 896 3595 953 3640; x_wconf 82' lang='lat' dir='ltr'>stan</span> <span class='ocrx_word' id='word_1_204' title='bbox 963 3606 1019 3642; x_wconf 84' lang='lat' dir='ltr'>was</span> <span class='ocrx_word' id='word_1_205' title='bbox 1030 3589 1153 3640; x_wconf 83' lang='lat' dir='ltr'>banished</span> <span class='ocrx_word' id='word_1_206' title='bbox 1161 3590 1232 3638; x_wconf 58' lang='grc' dir='ltr'>ΑΛ).</span> <span class='ocrx_word' id='word_1_207' title='bbox 1239 3593 1297 3651; x_wconf 82' lang='grc'><strong>956,</strong></span> <span class='ocrx_word' id='word_1_208' title='bbox 1308 3590 1357 3638; x_wconf 88' lang='lat' dir='ltr'>and</span> 
     </span>
     <span class='ocr_line' id='line_1_32' title="bbox 407 3659 1360 3726; baseline -0.001 -17"><span class='ocrx_word' id='word_1_209' title='bbox 407 3662 483 3710; x_wconf 87' lang='lat' dir='ltr'>minis</span> <span class='ocrx_word' id='word_1_210' title='bbox 495 3663 546 3726; x_wconf 84' lang='lat' dir='ltr'>sui,</span> <span class='ocrx_word' id='word_1_211' title='bbox 553 3666 583 3710; x_wconf 84' lang='lat' dir='ltr'>ut</span> <span class='ocrx_word' id='word_1_212' title='bbox 595 3676 665 3710; x_wconf 85' lang='lat' dir='ltr'>mous</span> <span class='ocrx_word' id='word_1_213' title='bbox 677 3663 814 3722; x_wconf 83' lang='lat' dir='ltr'>persistens</span> <span class='ocrx_word' id='word_1_214' title='bbox 825 3661 872 3708; x_wconf 90' lang='lat' dir='ltr'>im·</span> <span class='ocrx_word' id='word_1_215' title='bbox 896 3675 952 3710; x_wconf 85' lang='lat' dir='ltr'>was</span> <span class='ocrx_word' id='word_1_216' title='bbox 962 3660 1119 3722; x_wconf 84' lang='lat' dir='ltr'>honourably</span> <span class='ocrx_word' id='word_1_217' title='bbox 1129 3659 1247 3709; x_wconf 84' lang='lat' dir='ltr'>received</span> <span class='ocrx_word' id='word_1_218' title='bbox 1265 3661 1300 3721; x_wconf 93' lang='lat' dir='ltr'>by</span> <span class='ocrx_word' id='word_1_219' title='bbox 1311 3660 1360 3708; x_wconf 86' lang='lat' dir='ltr'>Ar-</span> 
     </span>
     <span class='ocr_line' id='line_1_33' title="bbox 407 3729 1359 3792; baseline 0 -14"><span class='ocrx_word' id='word_1_220' title='bbox 407 3732 526 3780; x_wconf 83' lang='lat' dir='ltr'>mobilie.’</span> <span class='ocrx_word' id='word_1_221' title='bbox 558 3731 591 3779; x_wconf 90' lang='lat' dir='ltr'>In</span> <span class='ocrx_word' id='word_1_222' title='bbox 612 3731 795 3792; x_wconf 72' lang='lat' dir='ltr'>Angla-Saron</span> <span class='ocrx_word' id='word_1_223' title='bbox 819 3743 870 3780; x_wconf 82' lang='lat' dir='ltr'>nun</span> <span class='ocrx_word' id='word_1_224' title='bbox 897 3732 957 3780; x_wconf 89' lang='lat' dir='ltr'>noul</span> <span class='ocrx_word' id='word_1_225' title='bbox 976 3736 1053 3780; x_wconf 87' lang='lat' dir='ltr'>count</span> <span class='ocrx_word' id='word_1_226' title='bbox 1071 3731 1100 3779; x_wconf 84' lang='lat' dir='ltr'>ol</span> <span class='ocrx_word' id='word_1_227' title='bbox 1120 3729 1251 3778; x_wconf 80' lang='lat' dir='ltr'>Plaudere.</span> <span class='ocrx_word' id='word_1_228' title='bbox 1294 3729 1359 3778; x_wconf 71' lang='lat' dir='ltr'>Con·</span> 
     </span>
     <span class='ocr_line' id='line_1_34' title="bbox 408 3798 1359 3862; baseline -0.002 -14"><span class='ocrx_word' id='word_1_229' title='bbox 408 3800 521 3862; x_wconf 84' lang='lat' dir='ltr'>siguifiee</span> <span class='ocrx_word' id='word_1_230' title='bbox 532 3815 549 3848; x_wconf 89' lang='lat' dir='ltr'>a</span> <span class='ocrx_word' id='word_1_231' title='bbox 559 3801 614 3862; x_wconf 81' lang='lat' dir='ltr'>hill,</span> <span class='ocrx_word' id='word_1_232' title='bbox 626 3800 677 3848; x_wconf 86' lang='lat' dir='ltr'>and</span> <span class='ocrx_word' id='word_1_233' title='bbox 688 3813 749 3848; x_wconf 73' lang='lat' dir='ltr'>sris</span> <span class='ocrx_word' id='word_1_234' title='bbox 761 3815 778 3848; x_wconf 87' lang='lat' dir='ltr'>a</span> <span class='ocrx_word' id='word_1_235' title='bbox 788 3805 863 3850; x_wconf 76' lang='lat' dir='ltr'>stoue</span> <span class='ocrx_word' id='word_1_236' title='bbox 896 3801 1000 3862; x_wconf 84' lang='lat' dir='ltr'>cerning</span> <span class='ocrx_word' id='word_1_237' title='bbox 1017 3800 1060 3848; x_wconf 85' lang='lat' dir='ltr'>the</span> <span class='ocrx_word' id='word_1_238' title='bbox 1077 3799 1151 3861; x_wconf 88' lang='lat' dir='ltr'>place</span> <span class='ocrx_word' id='word_1_239' title='bbox 1162 3798 1191 3847; x_wconf 84' lang='lat' dir='ltr'>ol</span> <span class='ocrx_word' id='word_1_240' title='bbox 1199 3798 1239 3846; x_wconf 84' lang='lat' dir='ltr'>hie</span> <span class='ocrx_word' id='word_1_241' title='bbox 1257 3799 1359 3847; x_wconf 87' lang='lat' dir='ltr'>banish-</span> 
     </span>
     <span class='ocr_line' id='line_1_35' title="bbox 451 3867 1360 3932; baseline 0 -15"><span class='ocrx_word' id='word_1_242' title='bbox 451 3867 525 3917; x_wconf 67' lang='lat' dir='ltr'>²Per</span> <span class='ocrx_word' id='word_1_243' title='bbox 544 3871 651 3918; x_wconf 80' lang='lat' dir='ltr'>Odoacar</span> <span class='ocrx_word' id='word_1_244' title='bbox 667 3869 871 3932; x_wconf 79' lang='lat' dir='ltr'>arehiepiscopum</span> <span class='ocrx_word' id='word_1_245' title='bbox 896 3874 973 3928; x_wconf 85' lang='lat' dir='ltr'>ment,</span> <span class='ocrx_word' id='word_1_246' title='bbox 1000 3884 1042 3918; x_wconf 85' lang='lat' dir='ltr'>see</span> <span class='ocrx_word' id='word_1_247' title='bbox 1069 3869 1200 3917; x_wconf 82' lang='lat' dir='ltr'>Adlardus</span> <span class='ocrx_word' id='word_1_248' title='bbox 1227 3869 1360 3917; x_wconf 90' lang='lat' dir='ltr'>Blandini-</span> 
     </span>
     <span class='ocr_line' id='line_1_36' title="bbox 406 3935 1286 4006; baseline 0.001 -20"><span class='ocrx_word' id='word_1_249' title='bbox 406 3939 517 4001; x_wconf 80' lang='lat' dir='ltr'>pellicem</span> <span class='ocrx_word' id='word_1_250' title='bbox 527 3938 655 4002; x_wconf 82' lang='lat' dir='ltr'>repudiore</span> <span class='ocrx_word' id='word_1_251' title='bbox 670 3935 799 4006; x_wconf 69' lang='lat' dir='ltr'>eoactum]</span> <span class='ocrx_word' id='word_1_252' title='bbox 817 3939 871 3987; x_wconf 77' lang='lat' dir='ltr'>&#39;l&#39;he</span> <span class='ocrx_word' id='word_1_253' title='bbox 896 3940 973 4002; x_wconf 82' lang='lat' dir='ltr'>ensis,</span> <span class='ocrx_word' id='word_1_254' title='bbox 984 3939 1025 3988; x_wconf 86' lang='lat' dir='ltr'>De</span> <span class='ocrx_word' id='word_1_255' title='bbox 1037 3939 1098 3987; x_wconf 89' lang='lat' dir='ltr'>Vita</span> <span class='ocrx_word' id='word_1_256' title='bbox 1110 3938 1137 3988; x_wconf 89' lang='lat' dir='ltr'>S.</span> <span class='ocrx_word' id='word_1_257' title='bbox 1149 3939 1286 3987; x_wconf 82' lang='lat' dir='ltr'>Duastani.</span> 
     </span>
     <span class='ocr_line' id='line_1_37' title="bbox 407 4007 1356 4070; baseline 0 -14"><span class='ocrx_word' id='word_1_258' title='bbox 407 4008 493 4057; x_wconf 87' lang='lat' dir='ltr'>Saxon</span> <span class='ocrx_word' id='word_1_259' title='bbox 509 4008 643 4058; x_wconf 87' lang='lat' dir='ltr'>Chronicle</span> <span class='ocrx_word' id='word_1_260' title='bbox 663 4012 751 4070; x_wconf 82' lang='lat' dir='ltr'>states,</span> <span class='ocrx_word' id='word_1_261' title='bbox 773 4009 829 4058; x_wconf 88' lang='lat' dir='ltr'>that</span> <span class='ocrx_word' id='word_1_262' title='bbox 844 4009 871 4057; x_wconf 89' lang='lat' dir='ltr'>in</span> <span class='ocrx_word' id='word_1_263' title='bbox 931 4007 1019 4057; x_wconf 86' lang='lat' dir='ltr'>⁴Nom</span> <span class='ocrx_word' id='word_1_264' title='bbox 1036 4012 1061 4056; x_wconf 88' lang='lat' dir='ltr'>et</span> <span class='ocrx_word' id='word_1_265' title='bbox 1078 4007 1288 4056; x_wconf 76' lang='lat' dir='ltr'>Molaaerbirr&#39;ease</span> <span class='ocrx_word' id='word_1_266' title='bbox 1309 4041 1356 4058; x_wconf 88' lang='lat'>...</span> 
     </span>
     <span class='ocr_line' id='line_1_38' title="bbox 407 4076 1357 4142; baseline -0.001 -17"><span class='ocrx_word' id='word_1_267' title='bbox 407 4077 449 4126; x_wconf 85' lang='lat' dir='ltr'>the</span> <span class='ocrx_word' id='word_1_268' title='bbox 470 4093 532 4138; x_wconf 84' lang='lat' dir='ltr'>year</span> <span class='ocrx_word' id='word_1_269' title='bbox 553 4083 612 4142; x_wconf 80' lang='lat'><strong>958,</strong></span> <span class='ocrx_word' id='word_1_270' title='bbox 629 4078 697 4141; x_wconf 85' lang='lat' dir='ltr'>Odo,</span> <span class='ocrx_word' id='word_1_271' title='bbox 719 4078 870 4140; x_wconf 84' lang='lat' dir='ltr'>archbishop</span> <span class='ocrx_word' id='word_1_272' title='bbox 893 4078 1118 4142; x_wconf 72' lang='lat' dir='ltr'>peropportunam]</span> <span class='ocrx_word' id='word_1_273' title='bbox 1135 4077 1197 4126; x_wconf 85' lang='lat' dir='ltr'>This</span> <span class='ocrx_word' id='word_1_274' title='bbox 1213 4076 1357 4138; x_wconf 82' lang='lat' dir='ltr'>paragraph</span> 
     </span>
     <span class='ocr_line' id='line_1_39' title="bbox 406 4146 1356 4210; baseline -0.002 -15"><span class='ocrx_word' id='word_1_275' title='bbox 406 4147 435 4195; x_wconf 84' lang='lat' dir='ltr'>of</span> <span class='ocrx_word' id='word_1_276' title='bbox 456 4147 626 4209; x_wconf 78' lang='lat' dir='ltr'>Canterbury,</span> <span class='ocrx_word' id='word_1_277' title='bbox 643 4149 778 4210; x_wconf 82' lang='lat' dir='ltr'>separated</span> <span class='ocrx_word' id='word_1_278' title='bbox 801 4149 872 4210; x_wconf 86' lang='lat' dir='ltr'>King</span> <span class='ocrx_word' id='word_1_279' title='bbox 896 4163 985 4198; x_wconf 82' lang='lat' dir='ltr'>occurs</span> <span class='ocrx_word' id='word_1_280' title='bbox 1004 4149 1094 4198; x_wconf 82' lang='lat' dir='ltr'>almost</span> <span class='ocrx_word' id='word_1_281' title='bbox 1104 4147 1176 4195; x_wconf 86' lang='lat' dir='ltr'>word</span> <span class='ocrx_word' id='word_1_282' title='bbox 1193 4147 1232 4195; x_wconf 85' lang='lat' dir='ltr'>for</span> <span class='ocrx_word' id='word_1_283' title='bbox 1242 4146 1312 4194; x_wconf 89' lang='lat' dir='ltr'>word</span> <span class='ocrx_word' id='word_1_284' title='bbox 1330 4147 1356 4194; x_wconf 87' lang='lat' dir='ltr'>in</span> 
     </span>
     <span class='ocr_line' id='line_1_40' title="bbox 408 4215 1354 4280; baseline 0.001 -17"><span class='ocrx_word' id='word_1_285' title='bbox 408 4217 508 4277; x_wconf 84' lang='lat' dir='ltr'>Eadwy</span> <span class='ocrx_word' id='word_1_286' title='bbox 531 4218 581 4266; x_wconf 85' lang='lat' dir='ltr'>aad</span> <span class='ocrx_word' id='word_1_287' title='bbox 603 4217 736 4280; x_wconf 85' lang='lat' dir='ltr'>Aellgyla,</span> <span class='ocrx_word' id='word_1_288' title='bbox 761 4220 870 4268; x_wconf 84' lang='lat' dir='ltr'>because</span> <span class='ocrx_word' id='word_1_289' title='bbox 896 4219 1013 4268; x_wconf 82' lang='lat' dir='ltr'>Malmes.</span> <span class='ocrx_word' id='word_1_290' title='bbox 1042 4217 1083 4267; x_wconf 87' lang='lat' dir='ltr'>De</span> <span class='ocrx_word' id='word_1_291' title='bbox 1120 4217 1180 4265; x_wconf 83' lang='lat' dir='ltr'>Vita</span> <span class='ocrx_word' id='word_1_292' title='bbox 1215 4215 1354 4264; x_wconf 89' lang='lat' dir='ltr'>Aldhelmi.</span> 
     </span>
     <span class='ocr_line' id='line_1_41' title="bbox 406 4281 1247 4353; baseline 0.001 -21"><span class='ocrx_word' id='word_1_293' title='bbox 406 4284 466 4346; x_wconf 88' lang='lat' dir='ltr'>they</span> <span class='ocrx_word' id='word_1_294' title='bbox 477 4301 544 4334; x_wconf 85' lang='lat' dir='ltr'>were</span> <span class='ocrx_word' id='word_1_295' title='bbox 562 4292 603 4336; x_wconf 91' lang='lat' dir='ltr'>too</span> <span class='ocrx_word' id='word_1_296' title='bbox 622 4287 708 4348; x_wconf 88' lang='lat' dir='ltr'>nearly</span> <span class='ocrx_word' id='word_1_297' title='bbox 729 4289 870 4338; x_wconf 84' lang='lat' dir='ltr'>related-</span> <span class='ocrx_word' id='word_1_298' title='bbox 897 4285 986 4353; x_wconf 87' lang='lat' dir='ltr'>(Angl.</span> <span class='ocrx_word' id='word_1_299' title='bbox 998 4289 1068 4337; x_wconf 88' lang='lat' dir='ltr'>Saer.</span> <span class='ocrx_word' id='word_1_300' title='bbox 1079 4302 1139 4348; x_wconf 89' lang='lat' dir='ltr'>pars</span> <span class='ocrx_word' id='word_1_301' title='bbox 1151 4299 1181 4334; x_wconf 88' lang='lat'>11.</span> <span class='ocrx_word' id='word_1_302' title='bbox 1194 4281 1247 4349; x_wconf 78' lang='lat'>³2.)</span> 
     </span>
    </p>
   </div>
   <div class='ocr_carea' id='block_1_5' title="bbox 0 0 1599 5048">
    <p class='ocr_par' dir='ltr' id='par_1_6' title="bbox 0 0 1599 5048">
     <span class='ocr_line' id='line_1_42' title="bbox 0 0 1599 5048; baseline 0 0"><span class='ocrx_word' id='word_1_303' title='bbox 0 0 1599 5048; x_wconf 95' lang='lat' dir='ltr'> </span> 
     </span>
    </p>
   </div>
  </div>
 </body>
</html>
