3180 5048
447 498 514 563 256
669 514 782 563 essm
807 513 934 562 annun
957 514 1173 564 anenenuu.
1204 577 1208 585 ⁵
1257 501 1344 582 [cre.
1362 519 1400 564 ιι.

449 669 576 734 nullius
598 671 687 735 labis
711 669 899 736 conscium.
952 668 1055 749 Quod
1076 689 1154 735 cum
1177 688 1256 735 eum
1278 672 1323 736 ad
1347 693 1401 739 re-

449 771 639 835 verentiam
663 771 839 835 debuisset
865 770 1052 848 inflectere,
1079 770 1123 834 ad
1146 771 1327 836 audaciam
1352 773 1402 836 le-

450 871 568 950 vavit3
600 890 692 948 nam,
716 872 799 952 quia
821 869 964 934 locellus
981 889 1084 952 quem
1105 879 1292 952 paraverat
1314 871 1401 935 diffi-

448 968 549 1032 cilem
577 988 640 1051 pro
674 969 913 1052 magnitudine
938 969 1091 1050 corporis
1122 969 1320 1034 minabatur
1346 971 1399 1035 in-

448 1087 618 1150 gressum,
643 1069 779 1150 regales
809 1068 955 1132 exuvias
977 1067 1067 1132 ferro
1091 1071 1286 1147 temeravit,
1309 1071 1401 1136 unde

449 1168 614 1231 continuo
650 1168 792 1251 sanguis
827 1167 982 1232 undatim
1021 1168 1172 1232 emicans
1210 1171 1399 1234 astantium

448 1267 554 1331 corda
578 1285 708 1349 pavore
736 1268 921 1334 concussit.
974 1266 1033 1332 Ita
1055 1267 1188 1349 regium
1212 1288 1338 1351 corpus
1363 1271 1399 1334 in

448 1367 587 1443 scrinio,
611 1367 703 1449 quod
725 1367 792 1449 ipsi
811 1366 967 1430 ecclesiae
990 1367 1196 1444 contulerat,
1218 1387 1322 1450 super
1347 1371 1399 1434 al—

447 1472 523 1530 tare
545 1467 697 1529 locatum
719 1475 774 1531 est
800 1486 879 1530 cum
904 1466 1019 1548 capita
1038 1466 1151 1532 sancti
1172 1465 1399 1550 Apollinaris,

449 1571 485 1629 et
507 1566 659 1648 reliquiis
684 1565 862 1631 Vincentii
892 1565 1067 1648 martyris,
1089 1585 1168 1648 qnae
1190 1567 1249 1632 ille
1271 1585 1399 1651 magno

447 1673 565 1748 empta
591 1664 707 1730 decori
736 1665 857 1730 domus
887 1665 955 1730 Dei
987 1665 1173 1749 adjecerat.
1234 1667 1398 1733 Temera-

447 1770 557 1828 torem
573 1783 677 1848 porro
692 1767 782 1830 sacri
805 1765 958 1848 corporis
981 1784 1064 1828 mox
1089 1767 1224 1830 animus
1239 1768 1397 1851 reliquit3

446 1883 510 1928 nec
523 1864 632 1929 multo
647 1872 739 1947 post,
762 1865 909 1929 ecclesia
930 1882 1119 1945 egressum,
1134 1865 1245 1930 fracta
1265 1866 1398 1932 cervice

444 1983 538 2026 mors
551 1964 694 2028 invenit.
747 1964 824 2028 Nec
836 1964 874 2029 in
887 1964 941 2027 his
955 1964 1057 2028 haesit
1075 1966 1181 2046 regiae
1203 1967 1400 2032 sanctitatis

404 2077 406 2082 ·
445 2064 610 2141 ostensio,
640 2063 701 2127 sed
730 2064 767 2127 in
795 2051 961 2130 ulteriora
987 2065 1168 2145 processit,
1197 2073 1322 2131 sanato
1349 2067 1397 2131 ibi

446 2161 577 2226 furioso
593 2169 628 2227 et
644 2181 747 2226 caeco.
800 2156 947 2227 ¹Merito
962 2183 1048 2244 ergo
1072 2184 1141 2228 non
1157 2165 1294 2230 infirma
1307 2166 1398 2230 inter

446 2260 583 2343 Anglos
597 2261 691 2326 sama
705 2269 759 2326 est
778 2262 923 2340 nullum,
946 2282 1009 2326 nec
1032 2263 1108 2347 eJus
1124 2284 1188 2328 nec
1211 2267 1397 2348 superioris

446 2361 561 2425 aetatis
576 2381 693 2443 regem
706 2362 742 2426 in
758 2361 900 2444 Anglia,
920 2369 1015 2426 recto
1029 2369 1065 2426 et
1079 2364 1249 2446 aequilibri
1265 2365 1397 2449 judicio

413 2541 414 2546 ἵ
446 2460 587 2541 Edgaro
609 2462 889 2544 comparandum.
942 2461 1001 2526 Ita
1019 2461 1105 2526 nibil
1118 2464 1192 2529 vita
1204 2463 1279 2547 ejns
1297 2484 1397 2529 sanc·

445 2560 527 2636 tius,
543 2561 628 2624 nihil
639 2561 779 2645 justitia
801 2561 1014 2643 probabilius
1033 2561 1110 2639 luit,
1132 2564 1289 2646 exceptis
1303 2565 1398 2629 vitiis

443 2679 522 2742 quae
545 2668 668 2744 postea
699 2660 824 2743 amplis
856 2661 1041 2725 virtutibus
1067 2661 1216 2741 delevit3
1248 2664 1309 2746 qui
1334 2683 1396 2746 pa-

443 2759 546 2823 triam
570 2779 669 2824 suam
690 2761 859 2843 praeclara
874 2759 1077 2824 fortitudine
1091 2761 1259 2826 illustrem
1282 2763 1395 2827 reddi·

442 2859 543 2937 derit,
568 2868 604 2924 et
627 2866 933 2943 rerumgestarum
956 2859 1126 2938 claritate,
1143 2869 1179 2926 et
1194 2862 1271 2926 Deo
1286 2862 1394 2927 servi-

281 2966 385 3007 ΜΝ(
443 2960 574 3023 entium
596 2959 873 3041 multiplicitate.
900 2952 1156 3041 postmortem
1177 2961 1253 3046 ejus
1279 2981 1334 3026 res
1359 2969 1394 3028 et

280 3019 370 3108 {iim
346 3068 391 3110 ⁹⁷⁶
442 3076 522 3139 spes
538 3055 733 3140 Anglornm
746 3067 839 3122 retro
854 3059 1039 3142 sublapsae.

544 3249 591 3295 DE
614 3249 825 3300 EADWARDO
847 3249 1013 3299 SECUNDO
1036 3250 1080 3296 ΕΤ
1103 3250 1294 3300 MARTYRB.

279 3375 344 3416 nsaw
345 3377 441 3420 metae
493 3356 604 3439 §len
629 3355 734 3422 Anno
754 3357 947 3422 Dominicae
969 3357 1218 3421 incarnationis
1239 3378 1393 3440 nongen-

278 3427 389 3520 infin.
441 3455 564 3521 tesimo
598 3458 854 3540 septuagesimo
891 3457 1025 3539 quinto,
1066 3456 1258 3521 Edwardus
1302 3457 1393 3523 filius

441 3555 570 3638 Edgari
587 3576 733 3638 regnare
749 3557 867 3638 coepit,
890 3563 926 3620 et
948 3556 1059 3620 tribus
1081 3557 1182 3620 antris
1202 3565 1237 3621 et
1251 3557 1392 3624 dimidio

439 3662 612 3736 potestate
626 3657 758 3738 potitus
774 3662 839 3719 est.
880 3654 984 3719 Illum
996 3654 1214 3733 Dunstanus,
1229 3663 1263 3720 et
1275 3659 1392 3722 caeteri

439 3754 592 3837 episcopi
607 3755 842 3830 consentanei,
859 3752 968 3835 regali
985 3755 1134 3819 culmine
1149 3755 1391 3837 sublimarunt,

439 3861 561 3918 contra
575 3855 790 3919 voluntatem
807 3853 1037 3936 quorundam,
1051 3861 1091 3918 ut
1109 3855 1220 3931 aiunt,
1243 3856 1391 3937 optima·

959 4146 970 4180 ²
993 4150 1056 4200 Post
1083 4154 1184 4199 mnan
1211 4149 1289 4214 eiua]
1320 4152 1390 4215 King

434 4181 481 4303 Ν]
494 4184 586 4234 lilerito
605 4183 732 4316 staffili&
725 4185 775 4235 wc
795 4184 830 4234 D
847 4185 898 4244 E.;
891 4220 1029 4282 ’Eadgar
1048 4221 1107 4269 died
1130 4235 1163 4269 on
1182 4220 1327 4283 Thumday,
1346 4223 1390 4271 Sth

465 4269 617 4316 amqnenon
878 4291 997 4353 Μ]
1006 4291 1040 4339 Α
1043 4290 1078 4340 1)
1090 4294 1149 4340 975
