3150 5046
205 471 349 551 marn]
437 485 550 535 cnsrn
574 485 702 534 nncuu
726 453 941 570 suenorum
1092 475 1158 538 357

205 646 313 711 lumbi
339 644 567 729 presbyteril'
620 644 696 710 Neo
728 665 836 723 mora,
867 646 1037 710 satellites¹
1059 667 1081 711 a
1103 647 1155 712 la-

207 753 279 810 tere
303 765 366 810 suo
385 747 480 810 misit
505 745 565 828 'qui
587 747 752 809 annulum
775 751 1024 828 extorquerent
1044 746 1153 810 aVcss

207 866 307 911 nere:
324 847 397 923 illa,
413 839 571 909 ¹multum
586 846 827 926 tergiversata,
843 846 903 910 vix
918 847 1058 910 tandem
1073 847 1152 910 red—

206 945 304 1010 didit.
357 945 415 1009 Ita
431 945 584 1028 juvenis,
603 944 677 1010 voti
699 965 851 1028 compos,
872 945 946 1009 sine
971 948 1151 1011 obstaculo

204 1046 336 1128 potitus
362 1051 415 1108 est
446 1045 503 1108 diu
535 1045 718 1127 suspiratis
741 1045 925 1108 amoribus
978 1045 1046 1110 Sed
1080 1046 1150 1110 Pa-

202 1145 352 1224 lumbus,
371 1145 430 1208 ubi
452 1145 618 1208 daemonis
640 1145 824 1208 clamorem
849 1146 894 1208 ud
910 1145 1023 1209 Deum
1047 1145 1090 1209 de
1112 1165 1150 1210 se

202 1244 347 1326 audivit,
365 1245 467 1308 finem
490 1244 621 1308 dierum
645 1244 712 1307 sibi
734 1245 939 1326 praesignari
965 1245 1147 1310 intellexit.

204 1344 387 1422 Quocirca,
397 1344 554 1408 omnibus
570 1343 731 1407 membris
746 1344 838 1407 ultro
853 1347 1034 1423 truncatis,
1046 1347 1148 1410 mise-

200 1444 302 1508 rabili
323 1441 505 1507 defunctus
533 1450 587 1507 est
608 1443 825 1526 poenitentia,
847 1443 1025 1508 confessus
1047 1463 1148 1528 papae

201 1541 317 1608 coram
333 1544 462 1628 populo
478 1543 638 1606 Romano
651 1541 809 1608 inaudita
822 1542 965 1626 flagitia.

293 1735 340 1780 nn
363 1735 527 1782 cortrone
550 1735 750 1784 rennnurls
773 1735 859 1782 nunu
882 1734 1058 1782 nunnoni.

251 1843 357 1926 5206.
375 1843 475 1907 Tunc
490 1837 632 1926 ²corpus
649 1842 822 1908 Pallantis
841 1843 904 1907 filii
920 1842 1086 1920 Evandri,
1103 1845 1145 1907 de
1158 1861 1290 1913 contemne

202 1961 271 2025 quo
293 1942 465 2024 Virgilius
488 1949 619 2020 narrat,
647 1943 770 2007 Romae
797 1950 972 2026 repertum
1002 1951 1056 2007 est
1077 1913 1291 2010 illi-ibelim?

201 2042 333 2120 batum,
350 2043 483 2124 ingenti
502 2050 643 2126 stupore
666 2043 817 2107 omnium
841 2043 933 2126 qnod
955 2049 1009 2108 tot
1029 2043 1146 2108 secula
1158 2013 1292 2054 mm

200 2141 457 2224 incorruptione
481 2143 536 2206 sui
559 2144 757 2227 superavit3
781 2143 872 2228 quod
896 2163 938 2208 ea
954 2143 1001 2207 sit
1020 2151 1145 2208 natura

200 2243 415 2306 conditorum
438 2263 632 2331 corporum,
657 2250 709 2321 ut,
729 2262 832 2307 carne
850 2245 1063 2321 tabescente,
1085 2263 1145 2307 cu·

200 2342 245 2405 tis
265 2343 417 2406 exterior
430 2361 567 2419 nervos,
581 2343 678 2406 nervi
693 2361 773 2406 ossa
787 2343 1003 2406 contineant.
1056 2343 1145 2407 Hia-

199 2447 256 2504 tus
270 2441 423 2506 vulneris
440 2439 533 2523 quod
551 2442 587 2503 in
610 2441 723 2504 medio
744 2449 884 2522 pectore
898 2440 1038 2504 Turnus
1055 2442 1145 2505 fece·

201 2548 269 2616 rat,
293 2547 442 2622 quatuor
466 2540 610 2622 pedibus
632 2547 668 2603 et
688 2541 791 2603 semis
818 2547 1054 2605 mensuratum
1080 2548 1144 2604 est.

201 2639 425 2722 Epitaphium
437 2638 635 2724 hujusmodi
647 2645 820 2722 repertum
837 2659 845 2702 ι

249 2785 382 2850 ‘Filius
399 2786 553 2851 Evandri
569 2786 699 2865 Pallas,
714 2807 815 2886 quem
832 2788 954 2852 laneca
968 2788 1079 2852 Turni

273 2885 398 2950 Militis
413 2887 538 2951 occidit
553 2906 647 2953 more
665 2907 740 2966 sno,
750 2889 847 2986 jacet
862 2887 940 2952 hie’

199 3033 303 3112 Quod
336 3055 406 3100 non
437 3043 520 3100 tunc
551 3035 752 3100 crediderim
782 3034 924 3111 factum,
950 3033 1032 3097 licet
1056 3028 1142 3096 Car-

198 3136 334 3213 mentis,
355 3143 466 3200 mater
492 3136 658 3213 Evandri,
684 3135 829 3198 Latinas
859 3134 979 3198 literas
998 3133 1144 3196 ‘dicatur

198 3233 391 3314 invenisse3
416 3235 476 3298 sed
499 3237 542 3300 ab
558 3236 684 3311 Ennio,
698 3235 755 3299 vel
770 3234 839 3298 alio
860 3233 978 3316 aliquo
1000 3233 1143 3314 antiquo

200 3327 321 3413 ³poeta
336 3335 576 3416 compositum.
611 3333 748 3398 Ardens
761 3333 903 3398 lucerna
913 3332 958 3396 ad
971 3338 1078 3413 caput
1088 3332 1142 3394 in·
1215 3410 1217 3414 .

191 3438 303 3494 -venta
314 3439 399 3494 'arte
415 3433 627 3512 mechanica,
642 3441 682 3498 ut
702 3433 829 3497 nullius
846 3431 950 3495 flatus
963 3429 1143 3506 violentia,

199 3530 326 3593 nullius
339 3530 482 3613 liquoris
497 3535 690 3615 aspergine,
702 3532 833 3596 valeret
846 3531 1013 3611 extingui.
1037 3527 1142 3607 Quod

199 3649 277 3693 oum
304 3631 405 3695 multi
434 3631 651 3710 mirarentur,
680 3650 782 3708 nnus,
810 3635 850 3695 nt
878 3649 1013 3712 semper
1034 3629 1142 3710 aliqui

198 3729 360 3794 solertius
381 3729 558 3812 ingenium
579 3733 616 3794 in
634 3730 733 3794 malis
748 3731 888 3807 habent,
902 3730 994 3813 stylo
1018 3729 1141 3792 subtus

197 3828 371 3925 flammam
386 3830 541 3896 foramen
556 3830 654 3911 fecit3
672 3831 723 3895 ita
737 3829 933 3895 introducto
946 3848 1038 3906 aere,
1049 3828 1142 3910 ignis

233 4062 241 4092 ¹
254 4066 363 4115 Multum
378 4068 561 4131 tergiversata]
578 4065 612 4118 A.
626 4069 656 4117 c.
682 4064 949 4128 det,deqrotrgiliee
955 4061 1059 4125 namt]
1069 4065 1142 4126 Virg.

186 4137 232 4187 Ι1).
239 4137 271 4186 Ε.
278 4137 326 4197 1..;
337 4138 434 4186 vultum
445 4141 619 4200 tergiversata,
627 4138 656 4187 S.
683 4137 741 4186 AEn.
753 4147 781 4186 x.
793 4137 937 4185 474-487.

716 4203 728 4236 ⁸
739 4206 839 4270 Poeta]
848 4203 960 4255 A.C.D.
968 4205 1001 4255 Ε.
1010 4204 1041 4254 L.
1051 4219 1058 4265 ;
1070 4203 1143 4252 omit·
1224 4265 1226 4270 Ι

232 4273 348 4340 ²Corpue
365 4277 488 4326 Pollentia
499 4277 556 4344 filit
577 4278 658 4326 Even-
682 4277 725 4326 ted
737 4277 763 4325 in
775 4276 804 4326 S.
1108 4271 1112 4276 ’
