3150 5046
427 483 494 549 ate
630 496 744 545 cusrn
768 495 895 546 nncuu
919 497 1132 546 sncuonuu.
1237 485 1321 565 [urs.
1340 503 1381 550 u.

428 673 496 736 que
518 653 609 717 ferro
632 653 855 718 abscissionis
888 654 1054 717 utendum
1077 654 1253 737 judicans,
1285 675 1382 721 arma

428 752 655 834 undecunque
670 761 705 816 et
719 771 827 834 equos
849 753 1070 835 conquisivit,
1087 754 1214 818 milites
1228 762 1267 818 et
1281 757 1380 837 equi-

428 859 482 916 tes
498 852 704 932 adornavit3
727 871 781 928 ac,
798 852 948 935 primum
967 853 1146 916 basilicam
1169 853 1264 917 beati
1281 854 1379 918 Petri

428 970 688 1034 praeoccupans,
717 958 875 1033 raptores
905 953 1121 1016 oblationum
1146 953 1204 1016 vel
1226 955 1380 1018 extinxit

428 1051 485 1116 vel
512 1051 692 1132 effugavit.
744 1051 843 1128 Inde,
864 1051 1039 1116 fortunam
1061 1051 1129 1116 sibi
1150 1053 1304 1134 aspirare
1326 1055 1380 1117 vi-

429 1151 525 1227 dens,
545 1150 684 1230 longius
711 1150 949 1232 progreditur3
977 1158 1024 1228 et,
1042 1153 1072 1214 si
1095 1153 1155 1233 qui
1177 1153 1380 1217 resisterent

428 1251 563 1328 occisis,
587 1250 720 1332 praedia
740 1251 856 1315 omnia
878 1257 914 1314 et
938 1251 1077 1333 oppida,
1100 1251 1219 1315 multis
1243 1259 1378 1334 tempo-

428 1350 524 1413 ribus
546 1351 685 1426 amissa,
711 1351 748 1414 in
773 1351 955 1432 antiquum
974 1350 1034 1433 jus
1056 1349 1268 1416 reformavit.
1321 1351 1380 1415 Ita

428 1469 513 1530 pax,
530 1469 592 1532 per
608 1450 796 1514 multorum
809 1449 998 1530 segnitiem
1020 1449 1179 1527 exulans,
1194 1467 1378 1532 perunum

428 1535 600 1612 bominem
614 1550 651 1612 in
666 1549 815 1631 patriam
832 1549 946 1612 rediit.
997 1548 1117 1614 Securi
1132 1551 1304 1632 peregrini
1324 1549 1379 1613 in-

428 1655 547 1712 suetas
569 1649 703 1713 viarum
727 1650 885 1712 terebant
910 1648 1054 1726 orbitas,
1077 1648 1151 1712 laeti
1171 1667 1234 1730 per
1258 1651 1378 1714 urbem

318 1813 321 1820 ,
427 1749 580 1830 antiquis
606 1748 725 1812 oculos
747 1749 937 1830 pascebant
957 1749 1145 1826 miraculis
1167 1749 1378 1813 cantitantes
1416 1793 1420 1798 -

427 1847 527 1910 donis
545 1847 647 1912 sactis
660 1848 907 1929 repatriabant.
947 1846 1101 1925 Quirites
1116 1849 1260 1925 interea,
1276 1856 1377 1931 rapto

427 1948 545 2011 vivere
568 1948 710 2023 assueti,
724 1947 986 2028 sanguinarium
1008 1947 1106 2010 illum
1123 1949 1307 2025 vocabant,
1324 1949 1378 2011 in-

428 2045 571 2126 dignum
599 2065 674 2110 esse
690 2046 752 2128 qui
766 2045 843 2110 Deo
863 2045 1002 2110 offerret
1016 2047 1223 2110 sacrificium
1240 2054 1295 2110 tot
1310 2049 1378 2110 cae'·

427 2145 523 2207 dium
548 2146 729 2224 conscius;
767 2151 814 2221 et,
838 2153 879 2208 ut
905 2144 979 2208 fieri
1007 2146 1095 2210 solet
1117 2146 1211 2228 quod
1237 2148 1377 2210 morbus

427 2244 582 2325 obloquii
598 2245 643 2306 ab
659 2263 727 2307 uno
754 2251 872 2327 serpat
885 2245 922 2306 in
938 2261 1068 2322 omnes,
1090 2246 1158 2326 ipsi
1174 2246 1279 2309 etiam
1301 2265 1378 2310 car-

427 2342 561 2406 dinales
591 2349 798 2424 argumenta
827 2343 946 2426 populi
973 2344 1178 2427 probabant,
1210 2345 1296 2408 adeo
1327 2353 1378 2424 ut,

427 2461 507 2506 cum
545 2443 668 2506 beatus
698 2443 757 2506 ille
780 2442 977 2508 valetudine
1014 2463 1083 2526 qua
1113 2443 1295 2508 defunctus
1325 2452 1378 2509 est

427 2542 658 2618 decumberet,
682 2542 826 2606 consilio
849 2543 939 2606 inter
959 2561 998 2605 se
1018 2545 1114 2625 prius
1137 2543 1266 2620 habito,
1290 2562 1378 2609 ausu

427 2642 610 2705 temerario
635 2641 858 2705 admonerent
886 2660 931 2705 ne
958 2659 996 2704 se
1025 2641 1062 2706 in
1092 2641 1240 2708 ecelesia
1266 2645 1378 2708 sancti

429 2740 529 2804 Petri
558 2760 637 2805 cum
666 2737 803 2805 caeteris
834 2741 1034 2822 apostolicis
1064 2742 1229 2806 tumulari
1256 2745 1378 2825 praeci·

426 2847 526 2922 peret
545 2841 604 2923 qui
622 2847 675 2904 tot
691 2839 868 2904 hominum
891 2840 1059 2905 mortibus
1078 2839 1227 2906 officium
1249 2842 1377 2906 foedas·

427 2948 492 3004 set.
544 2940 635 3002 Tum
651 2939 721 3015 ille,
735 2939 918 3002 recollecto
933 2941 1068 3022 spiritu,
1083 2943 1261 3023 torvisque
1275 2941 1377 3006 lumi·

427 3039 529 3101 nibus
544 3039 676 3115 minax,
690 3038 780 3101 hauc
796 3039 987 3102 orationem
1003 3013 1143 3104 habiat:

428 3168 431 3172 ·
479 3135 586 3220 §202
611 3136 672 3200 ‘Si
696 3137 732 3200 in
754 3138 853 3201 vohis
876 3138 932 3202 vel
960 3138 1112 3203 scintilla
1137 3138 1296 3203 humanae
1319 3157 1375 3204 ra·

428 3236 532 3299 tionis
553 3231 608 3300 'vel
628 3236 774 3300 scientia
795 3237 922 3300 divinae
942 3239 1159 3303 auctoritatis
1179 3247 1282 3318 esset,
1304 3246 1375 3304 tam

426 3335 597 3418 praecipiti
625 3337 786 3401 suasione
814 3356 883 3399 non
913 3339 1142 3402 conveniretis
1174 3339 1372 3419 pontificem

425 3443 600 3515 vestrum;
634 3437 706 3517 qui,
740 3444 907 3517 quantum
939 3437 1025 3513 vixi,
1058 3445 1094 3500 et
1130 3437 1374 3518 patrimonium

425 3553 539 3598 meum
567 3535 604 3597 in
632 3541 750 3599 vestra
779 3534 959 3598 commoda
988 3535 1105 3613 effudi,
1134 3543 1170 3599 et
1199 3545 1374 3618 postremo

425 3633 554 3698 samam
567 3633 685 3697 mundi
696 3653 760 3717 pro
775 3641 893 3698 vestra
906 3634 1108 3699 liberatione
1124 3635 1275 3716 neglexi.
1328 3635 1374 3700 Et

426 3734 458 3796 si
480 3734 539 3796 alii
563 3733 638 3796 haec
653 3753 733 3815 quae
755 3733 975 3814 proscinditis
998 3741 1206 3812 attexerent,
1221 3754 1286 3818 par
1299 3743 1375 3799 erat

425 3851 488 3896 vos
505 3831 683 3907 obsistere,
699 3833 879 3914 opiniones
900 3834 1085 3897 stultorum
1106 3834 1305 3899 melioribus
1319 3836 1372 3898 in·

425 3931 731 4014 terpretationibus
745 3932 924 3996 lenientes.
965 3931 1044 4010 Cui,
1059 3951 1190 4016 quaeso,
1203 3934 1372 3997 thesauri-

425 4033 526 4099 eavit
550 4031 696 4104 forsitan
712 4030 807 4095 mihi.
853 4031 902 4096 At
918 4032 1099 4098 thesauros
1114 4040 1372 4097 antecessorum

424 4150 578 4195 meorum
603 4130 770 4194 habebam
788 4130 848 4213 qui
861 4131 1046 4214 cujuslibet
1061 4133 1219 4196 avaritiae
1238 4131 1372 4196 suffice-

424 4237 512 4294 rent.
540 4229 676 4309 Quibus
689 4230 849 4307 salutem,
862 4230 987 4312 quibus
1005 4232 1200 4304 libertatem
1213 4232 1373 4298 restituit
