3180 5048
412 460 479 527 212
626 471 743 527 casm
770 471 897 527 ancon
921 471 1135 527 arenosum,
1213 461 1301 544 [um.
1321 479 1358 525 11.

405 635 553 698 nominis
569 629 700 699 terrore
720 635 935 719 subjugavit,
959 627 1087 717 praeter
1111 635 1205 699 solos
1228 636 1359 700 North-

405 735 614 798 anhimbros.
654 735 748 798 Nam
761 742 911 817 praeerat
922 735 991 798 illis
1004 735 1193 798 Sihctricus
1205 736 1357 816 quidam,

406 840 509 914 gente
533 841 568 896 et
595 833 709 897 animo
736 835 916 908 barbarus,
944 842 1114 914 cognatus
1143 834 1237 898 illius
1265 834 1357 898 Gur-

407 932 527 994 mundi
554 926 613 995 ¹de
640 952 709 1014 quo
731 935 768 996 in
791 933 899 1014 gestis
932 932 1063 996 Elfredi
1094 934 1187 1014 regis
1218 932 1357 1014 legitur,

408 1032 480 1112 qui,
499 1051 576 1095 cum
593 1040 849 1096 antecessorum
871 1051 993 1112 regum
1014 1032 1206 1114 potentiam
1223 1034 1357 1114 rugatis

409 1131 550 1193 naribus
575 1127 762 1207 derisisset,
787 1130 892 1214 hujus
921 1129 1124 1194 affinitatem
1150 1131 1242 1195 ultro
1274 1151 1357 1213 sup-

408 1230 557 1310 plicibus
583 1231 718 1293 nunciis
750 1230 918 1311 expetiit3
952 1231 1027 1312 ipse
1054 1250 1204 1312 quoque,
1231 1230 1357 1293 festino

343 1337 344 1340 ’
408 1328 496 1408 pede
539 1330 757 1406 subsecutus,
800 1330 908 1392 verba
951 1329 1146 1410 legatorum
1185 1330 1356 1408 asseruit3

409 1447 517 1508 quare
535 1435 570 1490 et
592 1429 720 1492 sororis
736 1423 892 1510 ²copula,
917 1436 953 1492 et
973 1427 1221 1509 multiplicibus
1245 1429 1358 1491 xeniis

409 1535 622 1604 muneratus,
649 1528 807 1610 perpetui
835 1527 976 1591 foederis
1009 1526 1234 1591 fundamenta
1259 1527 1355 1610 jecit.

409 1625 489 1702 Sed,
507 1620 564 1690 ³ut
586 1626 791 1708 praedictum
807 1626 934 1704 recolo,
959 1634 1040 1709 post
1059 1621 1188 1688 annum
1203 1627 1279 1690 vita
1298 1626 1357 1689 de-

408 1726 581 1801 turbatus
625 1727 843 1789 occasionem
886 1726 1092 1789 Ethelstano
1127 1725 1284 1789 exhibuit
1319 1732 1359 1788 ut

410 1822 754 1888 Nortbanhimbriam
780 1821 852 1888 suae
875 1818 967 1907 parti
986 1826 1163 1908 jungeret.
1191 1843 1268 1907 quae
1293 1825 1358 1888 sibi

409 1929 445 1984 et
482 1924 624 2006 antiquo
660 1924 740 2007 jure
776 1931 812 1986 et
850 1943 943 1989 nova
978 1924 1230 1988 necessitudine
1266 1943 1358 1986 com-

410 2029 552 2102 peteret.
604 2016 731 2104 4Fugit
760 2031 844 2086 tunc
870 2021 1041 2087 Analafus
1074 2023 1166 2092 filius
1200 2023 1359 2086 Sihctrici

412 2118 631 2197 Hiberniam,
649 2130 684 2185 et
699 2117 927 2194 lGodesridus
953 2123 1061 2192 frater
1084 2123 1160 2205 ejus
1183 2122 1356 2200 Scotiam3

411 2220 586 2284 subsecuti
607 2229 690 2284 sunt
714 2242 733 2284 e
757 2223 905 2302 vestigio
927 2222 1062 2302 regales
1085 2221 1181 2285 missi
1204 2222 1248 2284 ad
1265 2221 1357 2284 Con-

410 2320 602 2382 stantinum
635 2340 751 2401 regem
783 2321 991 2397 Scottorum,
1022 2328 1057 2384 ot
1087 2321 1281 2401 Eugenium
1306 2341 1359 2383 re-

411 2437 490 2498 gem
524 2418 763 2496 Cumbrorum,
802 2420 1019 2502 transfugam
1058 2438 1136 2482 cum
1167 2420 1359 2488 denuncia-

414 2516 508 2580 tione
529 2518 611 2581 belli
640 2526 848 2601 repetentes.
918 2519 995 2582 Neo
1025 2518 1091 2582 fuit
1117 2519 1252 2582 animus
1280 2520 1358 2582 bar-

414 2616 507 2679 baris
533 2625 572 2680 ut
598 2625 719 2681 contra
745 2619 921 2695 mutirent,
948 2605 1030 2700 quin
1055 2617 1171 2699 potius
1200 2619 1274 2680 sine
1306 2637 1360 2680 re-

414 2716 595 2793 tractione,
622 2711 684 2780 ⁶ad
712 2717 825 2781 locum
843 2718 902 2798 qui
920 2717 1038 2780 Dacor
1051 2723 1197 2780 vocatur
1219 2718 1360 2781 venien-

414 2821 479 2890 tes
501 2834 539 2878 se
561 2835 639 2878 cum
660 2817 732 2878 suis
752 2817 868 2897 regnis
887 2815 1081 2897 Anglorum
1096 2816 1170 2896 regi
1189 2815 1359 2879 dedidere.

415 2912 458 2974 In
476 2914 575 2997 cujus
592 2915 686 2996 pacti
699 2917 813 2996 gratia
827 2914 935 2978 filium
950 2914 1170 2978 Constantini
1191 2915 1362 2998 baptizari
1429 2906 1433 2916 ’

450 3121 458 3154 ¹
471 3125 510 3173 De
526 3141 571 3187 quo
587 3126 614 3174 in
629 3101 708 3188 gestis
725 3129 821 3188 Elsredi
836 3144 874 3177 re·
899 3129 986 3191 kings,
997 3130 1079 3178 Anlai
1094 3145 1139 3179 son
1149 3131 1179 3179 ol
1194 3131 1296 3194 Sihtric,
1311 3133 1362 3181 and

413 3193 457 3254 gia
471 3195 586 3258 legitera]
599 3196 725 3259 Guthorm
736 3199 797 3246 died
805 3199 874 3248 Am.
900 3199 1050 3261 Raegenald
1062 3215 1108 3248 eon
1120 3200 1149 3248 oi
1157 3201 1306 3252 Guthferth.

414 3267 472 3312 891.
508 3265 555 3312 See
567 3264 783 3331 antea,§121,p.
796 3272 854 3317 182.
915 3271 945 3336 '5
958 3310 1012 3358 GM
1054 3311 1059 3322 .
1229 3311 1236 3324 ,
1345 3314 1350 3324 ,

450 3329 460 3361 ²
474 3334 587 3397 Copula]
608 3337 638 3385 C.
651 3335 686 3386 D.
699 3339 732 3386 E.
744 3337 792 3399 L.;
810 3338 874 3386 after
1012 3311 1105 3369 dudm
1114 3311 1199 3370 fram
1214 3327 1265 3372 ΨΜ
1282 3313 1362 3362 sm·

414 3401 546 3464 ‘copula’
562 3404 596 3454 A·
613 3405 688 3454 rem
704 3409 819 3469 ‘ut'jam
834 3409 874 3456 bis
898 3379 959 3442 em]
967 3380 1104 3430 Guthierth
1111 3396 1166 3430 was
1173 3383 1290 3444 expelled
1298 3384 1360 3432 from

415 3473 532 3521 asserui)
621 3490 623 3496 ,
899 3445 1360 3511 thekingdomoberthumbriaA.D.

451 3538 462 3567 ³
481 3542 516 3590 Ut
534 3545 681 3606 pradictum
702 3547 798 3610 recola]
827 3547 874 3596 See
899 3521 958 3568 ⁹2⁷·

415 3615 500 3670 antea,
510 3612 524 3674 t
535 3617 593 3674 131,
604 3629 630 3674 p.
640 3617 698 3662 206.
935 3615 945 3648 ⁶
956 3617 998 3668 Ad
1017 3621 1093 3668 baum
1111 3621 1153 3684 qut
1170 3621 1252 3670 Decor
1262 3627 1361 3672 meatur

442 3677 461 3758 '⁴
480 3681 561 3743 Fugit
588 3687 646 3730 tane
666 3683 788 3742 Anchisae
802 3684 876 3748 filius
901 3689 1178 3754 ....regidedidere.]
1196 3692 1316 3740 Florence
1335 3693 1364 3741 oi

416 3747 561 3810 Sabatini]
588 3751 642 3808 The
658 3753 730 3813 right
745 3752 775 3801 of
788 3754 876 3816 Anlas,
899 3757 1051 3819 worcester,
1068 3761 1150 3809 under
1166 3761 1209 3812 the
1226 3775 1288 3822 year
1303 3765 1362 3822 934,

416 3832 460 3865 son
472 3820 501 3866 of
508 3821 610 3880 Sihtric‚
625 3821 677 3869 into
693 3823 805 3883 Ireland,
816 3824 875 3872 here
900 3825 970 3890 (Sex.
990 3827 1084 3876 Ghron.
1101 3826 1171 3892 933,)
1188 3831 1281 3878 relatos
1306 3831 1360 3879 that

415 3889 566 3950 mentioned,
577 3889 623 3937 bas
636 3890 678 3938 led
690 3905 758 3939 some
769 3896 794 3940 to
805 3893 875 3941 iden·
899 3895 1059 3958 Aethelstbn,
1076 3899 1185 3947 because
1197 3899 1360 3950 Constantine

415 3955 463 4016 tisy
482 3957 533 4005 him
551 3959 614 4007 with
634 3959 698 4008 olaf
716 3960 746 4008 of
764 3961 875 4032 Ireland‚
899 3965 962 4026 king
973 3965 1002 4014 of
1010 3966 1052 4014 the
1064 3967 1136 4016 Scots
1147 3969 1198 4016 had
1213 3970 1308 4017 broken
1320 3971 1360 4018 his

415 4026 473 4074 who
484 4027 573 4089 fought
584 4030 684 4090 against
690 4029 840 4079 Aethelstdn
849 4034 875 4082 in
899 4038 982 4095 treaty
993 4037 1055 4084 with
1064 4036 1126 4097 him,
1135 4038 1254 4087 murchad
1260 4041 1361 4099 against

414 4097 472 4145 938.
499 4097 875 4150 TheSaxonChroniclestates
899 4103 1028 4164 Scotland,
1045 4106 1096 4154 and
1114 4107 1278 4156 Constantine
1296 4121 1360 4169 gave

413 4163 468 4212 that
488 4167 514 4213 in
531 4171 580 4216 944
595 4168 665 4229 King
678 4169 813 4217 Eadmund
830 4185 875 4218 ex·
899 4172 940 4221 his
950 4188 996 4222 son
1007 4189 1037 4222 as
1048 4190 1064 4224 a
1075 4175 1179 4239 hostage
1196 4181 1222 4225 to
1238 4177 1280 4226 the
1294 4179 1361 4239 Eng-

412 4234 497 4291 pelled
504 4234 567 4283 from
580 4237 813 4288 Northumberland
824 4245 874 4289 two
899 4242 949 4290 lish
961 4243 1032 4306 king.
