3150 5046
416 475 482 542 344
631 489 746 540 ossus
770 489 898 539 arcun
921 489 1137 538 suenosuu.
1222 474 1312 558 [crs.
1328 489 1368 538 11.

416 652 467 714 ita
482 649 634 714 Romani
650 648 869 733 apostolatus
885 654 1016 711 statum
1037 666 1099 729 per
1113 644 1283 709 incuriam
1303 663 1367 708 an·

417 757 629 814 tecessorum
648 748 856 812 diminutum
873 747 1018 823 invenit,
1044 753 1084 810 ut
1106 753 1233 830 praeter
1254 763 1368 827 pauca

416 849 545 931 oppida
568 847 646 912 urbi
666 849 793 924 vicina,
817 855 853 911 et
872 847 1065 910 oblationes
1087 844 1253 920 fidelium,
1278 863 1367 926 pene

417 947 503 1010 nihil
524 948 667 1011 haberet
686 945 779 1028 quod
802 953 839 1008 sc
862 951 1083 1010 sustentaret.
1136 943 1306 1008 Civitates
1332 951 1369 1008 et

417 1048 653 1129 possessiones
679 1047 716 1108 in
744 1046 935 1127 longinquo
964 1045 1099 1127 positae,
1127 1063 1205 1125 quae
1234 1043 1279 1106 ad
1305 1042 1367 1126 jus

418 1146 573 1209 ecclesiae
595 1146 825 1226 pertinebant,
841 1163 863 1207 a
879 1143 1100 1226 praedonibus
1123 1141 1272 1222 ablatae;
1295 1149 1368 1206 tra·

418 1246 520 1308 mites
542 1244 671 1327 publici
686 1251 722 1308 et
739 1251 852 1307 strata
866 1244 1000 1307 viarum
1022 1262 1085 1324 per
1099 1249 1209 1306 totam
1226 1241 1367 1310 Italiam

417 1363 441 1408 a
464 1343 658 1408 latronibus
687 1344 918 1426 stipabantur,
952 1350 993 1405 ut
1021 1341 1137 1405 nullus
1164 1332 1367 1423 peregrinus

419 1444 487 1506 nisi
501 1463 579 1507 oum
593 1443 718 1527 majori
732 1461 837 1506 manu
852 1443 993 1524 impune
1010 1441 1184 1506 transiret.
1237 1439 1367 1504 Ferve-

419 1543 504 1605 bant
525 1543 609 1606 totis
626 1543 758 1606 semitis
780 1540 1022 1605 insidiatorum
1043 1540 1216 1617 examina,
1231 1558 1295 1602 nec
1313 1539 1366 1602 in-

420 1642 582 1706 veniebat
596 1643 712 1706 viator
727 1660 797 1723 quo
814 1639 964 1704 colludio
981 1639 1164 1705 evaderet:
1187 1639 1239 1703 ita
1252 1639 1290 1702 in
1304 1657 1366 1703 va-

420 1760 523 1805 cuum
546 1742 637 1805 sicut
663 1743 700 1805 in
727 1740 952 1823 pecuniosum
975 1738 1175 1817 furebatur3
1199 1758 1262 1818 nec
1283 1756 1367 1821 sup-

420 1840 503 1924 plex
526 1838 652 1904 habere
675 1840 835 1922 gratiam,
862 1858 926 1902 nee
948 1838 1111 1903 resistens
1136 1837 1210 1920 pati
1231 1844 1369 1920 poterat

421 1939 632 2003 violentiam.
699 1938 882 2003 Cessatum
914 1945 968 2002 est
995 1937 1040 2002 ab
1068 1938 1163 2000 omni
1189 1937 1370 2018 provincia

422 2038 571 2102 Romam
596 2039 663 2102 iter
684 2037 839 2120 aggredi,
862 2036 956 2119 quod
978 2037 1098 2102 mallet
1123 2036 1286 2119 quislibet
1306 2056 1369 2117 per

420 2138 628 2202 domesticas
670 2136 833 2200 ecclesias
873 2155 1032 2200 nummos
1077 2155 1159 2200 suos
1204 2134 1368 2212 dividere,

383 2319 386 2323 λ
421 2255 527 2318 quam
566 2235 780 2299 latrunculos
821 2237 970 2318 propriis
1005 2235 1181 2299 laboribus
1215 2253 1367 2316 pascere.

423 2335 518 2413 Quid
544 2335 581 2398 in
604 2336 688 2398 urbe
703 2335 805 2398 unico
824 2334 905 2399 olim
927 2334 1124 2401 habitaculo
1148 2335 1368 2400 sanctitatis?

422 2435 471 2499 ibi
494 2434 531 2496 in
557 2435 670 2498 medio
692 2433 767 2498 foro
790 2435 1007 2516 vagabantur
1025 2435 1152 2510 sicarii,
1174 2453 1282 2515 genus
1304 2433 1367 2498 ho·

421 2535 554 2597 minum
570 2534 714 2597 infidum
729 2542 765 2599 et
780 2540 967 2606 versutum.
1019 2533 1057 2597 Si
1073 2534 1151 2616 quis
1168 2533 1369 2600 semitarum

422 2635 665 2716 observatores
695 2633 812 2716 aliquo
846 2633 1028 2697 transisset
1058 2633 1216 2710 artificio,
1244 2633 1369 2715 capitis

421 2732 556 2796 scilicet
582 2733 736 2816 periculo
756 2733 907 2815 apostoli
930 2732 1108 2796 ecclesiam
1131 2733 1248 2798 videre
1272 2725 1399 2814 cupi-f

422 2851 497 2909 ens,
521 2833 558 2896 in
582 2832 725 2896 sicarios
757 2831 924 2908 incidens,
949 2832 1044 2896 nullo
1064 2832 1165 2896 modo
1190 2831 1264 2895 sine
1286 2833 1368 2896 sub-

420 2932 561 2996 stantiae
584 2933 640 2996 vel
664 2931 788 2995 salutis
813 2932 939 2995 damno
963 2931 1101 2996 domum
1126 2939 1366 2996 reverteretur.

421 3029 535 3112 Super
550 3031 627 3112 ipsa
645 3038 845 3094 sanctorum
868 3031 1104 3113 apostolorum
1125 3038 1161 3095 et
1177 3038 1367 3113 martyrum

420 3147 577 3210 corpora,
600 3147 704 3210 super
728 3149 829 3193 sacra
843 3130 980 3207 altaria,
996 3129 1102 3211 gladii
1124 3130 1366 3209 nudabantur3

420 3227 613 3291 oblationes
653 3228 889 3292 accedentium
918 3229 978 3293 vix
1009 3229 1091 3292 dum
1121 3231 1291 3312 appositae
1323 3229 1366 3294 de

418 3327 578 3392 manibus
607 3328 885 3410 abripiebantur3
915 3329 1068 3411 abreptae
1082 3392 1084 3397 s
1098 3329 1135 3392 in
1161 3347 1367 3393 commessa-

419 3427 531 3489 tiones
560 3434 596 3492 et
627 3434 820 3491 scortorum
851 3428 1035 3492 abusiones
1066 3429 1366 3493 consumebantur,

419 3525 614 3590 Tantorum
636 3527 806 3590 malorum
822 3527 923 3590 turbo
942 3526 1104 3608 Gregorii
1124 3535 1291 3610 papatum
1314 3527 1365 3590 of-

419 3623 540 3689 fendit.
575 3624 641 3688 Ille
659 3627 770 3707 primo
784 3627 922 3702 leniter,
936 3633 983 3702 et,
997 3634 1037 3689 ut
1047 3627 1244 3708 pontificem
1255 3627 1366 3706 decet,

417 3843 468 3899 tus,
479 3838 513 3888 A.
526 3839 561 3888 D.
573 3840 718 3904 ira-Pagi
737 3843 824 3904 places
839 3843 881 3892 the
907 3846 1007 3894 council
1024 3846 1085 3894 held
1102 3851 1129 3895 at
1144 3846 1213 3895 Sutri
1225 3861 1257 3895 on
1269 3846 1366 3897 Christ-

417 3915 629 3958 cornmencement
644 3911 673 3972 ol
682 3911 820 3973 Gregory's
836 3927 881 3973 pa·
905 3916 1201 3978 mas-day,A.D.1⁰46,
1217 3916 1256 3965 for
1271 3917 1365 3980 haring

417 3992 484 4039 pacy
501 3979 527 4026 in
546 3979 610 4039 May
624 3983 698 4042 1044,
713 3982 760 4030 but
776 3983 880 4044 Ughelli
904 3985 1023 4034 obtained
1036 3985 1078 4034 the
1090 3986 1202 4046 holysee
1213 3987 1247 4046 hy
1258 3987 1364 4048 simony.

416 4049 480 4112 cites
502 4063 519 4097 a
548 4048 649 4097 charter
676 4051 702 4098 in
724 4051 809 4100 which
837 4052 879 4101 the
905 4053 957 4103 Mr.
975 4055 1072 4116 Sharpe
1093 4055 1208 4104 remarks
1227 4055 1282 4103 that
1298 4057 1364 4106 Mal·

416 4116 502 4164 month
519 4117 548 4164 of
556 4120 661 4180 August
673 4123 736 4169 1045
757 4122 779 4168 is
797 4123 880 4170 stated
903 4125 1044 4184 mesbury's
1058 4125 1226 4175 characteres
1236 4124 1287 4175 this
1298 4141 1364 4187 pope

415 4190 441 4234 to
453 4187 484 4234 be
495 4187 522 4233 in
534 4188 576 4235 the
588 4189 642 4236 first
654 4203 715 4249 year
725 4189 755 4238 oi
767 4191 807 4239 his
818 4206 879 4252 pon·
903 4193 1280 4256 inconsideredasapocryphal.
1292 4195 1367 4252 eom,

414 4255 516 4306 tilioate,
552 4257 595 4306 He
616 4273 671 4308 was
691 4259 803 4320 deposed
820 4265 846 4310 at
862 4277 879 4311 a
903 4277 964 4323 pare
975 4263 1069 4316 Rodul.
1081 4264 1186 4316 Glaber.
1197 4264 1242 4316 lib.
1255 4277 1279 4322 v,
1292 4279 1314 4315 c.
1327 4270 1351 4319 5.
