3170 5054
402 508 448 584 56
624 523 737 581 cussa
761 521 888 581 aucun
912 519 1124 580 uncuonun.
1231 496 1315 595 [um.
1334 529 1356 574 1.

402 692 598 757 donationis
623 697 880 766 testamentum,
910 687 1094 772 tyrannica
1122 687 1231 752 fretus
1260 687 1355 752 inso-

403 793 523 870 lentia,
546 791 701 874 qualibet
721 790 903 855 occasione
925 789 1173 870 interrumpere
1193 795 1298 870 atque
1320 788 1357 851 in

405 893 541 956 irritum
569 889 737 955 deducere
767 891 863 952 nisus
898 887 1014 966 suerit,
1042 890 1089 952 sit
1126 907 1148 951 a
1184 888 1358 952 consortio

406 993 542 1075 piorum
566 990 679 1054 ultimi
700 989 894 1054 ventilabro
917 989 1086 1052 examinis
1109 992 1359 1070 sequestratus,

407 1091 653 1174 rapaciumque
676 1089 823 1170 collegio
850 1088 1066 1152 combinatus
1085 1087 1260 1151 violentiae
1285 1106 1358 1150 suae

408 1191 711 1274 praesumptionem
731 1188 807 1259 luat
820 1186 864 1249 in
889 1207 1013 1251 aevum.
1066 1186 1137 1265 Qui
1150 1207 1233 1252 vero
1255 1187 1358 1250 bene-

409 1291 492 1356 vola
520 1291 637 1373 potius
664 1287 830 1371 praeditus
863 1287 1056 1350 intentione
1093 1287 1169 1349 haec
1201 1287 1359 1370 probare,

410 1391 583 1467 roborare,
595 1409 638 1453 ac
652 1387 833 1452 defendere
848 1387 1030 1464 studuerit,
1044 1388 1117 1450 voti
1132 1406 1272 1470 compos
1287 1385 1361 1468 ipse

411 1489 602 1554 Altithroni
617 1488 761 1571 gloriam
777 1486 949 1551 auscultet
961 1486 1133 1551 indefecta
1146 1487 1362 1569 perennitate

411 1609 488 1654 cum
504 1588 627 1653 faustis
650 1587 844 1668 agminibus
859 1586 1058 1668 angelorum
1081 1593 1186 1668 atque
1209 1586 1362 1650 omnium

411 1697 620 1754 sanctorum
674 1686 864 1768 Exemplar
875 1685 980 1770 hujus
994 1685 1187 1768 largitionis
1210 1685 1362 1768 promul·

412 1796 532 1870 gatum
560 1794 614 1852 est
639 1787 675 1850 in
699 1786 867 1868 praedicto
888 1786 1058 1862 coenobio,
1084 1786 1148 1850 sub
1175 1784 1362 1869 praesentia

414 1885 582 1952 Cuthredi
596 1886 700 1968 regis,
716 1886 808 1967 quod
828 1886 978 1966 propriae
992 1903 1115 1949 manus
1128 1884 1363 1948 munificentia

414 1987 538 2051 altario
572 2005 671 2048 sacro
697 1983 962 2062 commendavit,
989 1985 1026 2049 in
1054 1984 1171 2066 lignea
1208 1984 1364 2061 basilica,

412 2105 485 2168 qua
509 2084 635 2149 fratres
657 2083 793 2148 abbatis
818 2084 993 2165 Hemgisli
1015 2084 1267 2166 sarcophagum
1289 2102 1363 2148 sor-

415 2186 548 2249 tiuntur
571 2179 624 2246 ¹in
646 2183 714 2260 dic,
733 2202 826 2248 anno
848 2184 893 2246 ab
913 2183 1152 2248 incarnatione
1166 2183 1364 2267 septingen-

415 2285 538 2349 tesimo
553 2283 817 2366 quadragesimo
832 2283 977 2365 quinto.’

467 2383 561 2467 §lo
588 2378 786 2447 ²Adversus
814 2380 1063 2447 Athelbaldum
1091 2403 1207 2464 regem
1237 2382 1365 2447 Merci-

415 2503 514 2548 orum
531 2489 567 2547 et
590 2481 753 2547 Britones
776 2483 867 2546 idem
882 2483 1079 2547 Cuthredus
1096 2483 1176 2568 jugi
1200 2483 1365 2547 exercitio

414 2583 580 2648 victorias
605 2583 798 2665 adipiscens
813 2602 883 2646 non
898 2601 1018 2665 parum
1033 2583 1167 2647 sudoris
1182 2601 1366 2665 consump-

415 2683 473 2759 sit,
495 2701 536 2747 ac
562 2688 642 2765 post
667 2701 777 2747 annos
793 2682 1053 2765 quatuordecim
1075 2682 1173 2765 regni
1194 2683 1366 2765 guberna·

413 2783 495 2846 cula
506 2783 657 2864 reliquit.

467 2881 485 2965 §
501 2883 556 2946 41.
582 2876 760 2962 ⁵Arripuit
771 2881 857 2946 illud
869 2875 1099 2964 ⁶Sigebertus,
1115 2883 1170 2947 vir
1181 2882 1271 2966 apud
1285 2899 1367 2946 suos

415 2982 552 3046 saevitia
560 2981 731 3056 immania,
740 2981 898 3063 idemque
909 2980 993 3045 loris
1001 2981 1141 3063 ignavia
1150 2982 1365 3064 perinfamis:

415 3081 578 3162 quocirca
592 3081 765 3143 communi
781 3080 932 3144 omnium
947 3081 1026 3145 odio
1041 3083 1274 3164 conspirante,
1288 3090 1369 3165 post
1476 3125 1480 3132 -

450 3308 458 3338 ¹
471 3311 502 3359 In
513 3311 562 3372 die,
572 3325 634 3359 cauo
643 3311 674 3359 ab
688 3310 874 3376 insufflatione]
900 3315 1028 3364 sexdecim
1039 3317 1111 3379 regni
1126 3318 1298 3380 gubernacula
1312 3319 1370 3368 reli·

415 3383 465 3442 Ε.;
487 3380 570 3442 pridie
584 3381 708 3430 kalendas
727 3381 792 3430 Maii
811 3398 876 3431 anno
899 3386 973 3449 quit,'
986 3387 1016 3435 C.
1029 3387 1064 3436 Κ.

415 3451 592 3548 incprnationis
603 3451 716 3512 Domini,
728 3452 762 3500 D.
774 3453 813 3501 M.
936 3469 1034 3536 ⁸752]
1053 3472 1176 3535 Cuthred,
1193 3476 1219 3523 in
1241 3475 1284 3523 the
1311 3475 1369 3525 Μ

470 3520 878 3582 Ammssffubmmff'
903 3557 965 3603 year
991 3541 1021 3591 ol
1045 3542 1085 3592 his
1112 3545 1192 3606 reign,
1221 3544 1311 3607 fought
1344 3550 1371 3594 at

415 3589 508 3652 rana]
530 3591 564 3639 D·
576 3591 609 3639 E·
621 3591 678 3650 Me
702 3590 753 3638 ‘111
770 3605 821 3652 uuo
834 3591 878 3639 1110
905 3612 1015 3661 anfora
1023 3613 1123 3674 agana
1133 3612 1296 3676 Aeueiana,
1308 3614 1371 3677 king

414 3662 471 3722 Pffl'i
481 3674 603 3742 ΨΟΗΨ
613 3674 726 3722 nummi
745 3664 771 3708 et
787 3662 880 3710 Vinum
905 3682 934 3730 of
942 3682 985 3732 the
997 3683 1135 3744 Marciana,
1146 3685 1197 3732 and
1216 3690 1264 3746 put
1281 3684 1334 3733 him
1344 3690 1370 3735 to

415 3745 465 3778 non
484 3730 590 3791 nspm,
606 3730 729 3810 adrasus
752 3730 880 3810 aunan-
904 3752 984 3815 night.
1020 3752 1364 3820 (suessanum.)

415 3798 881 3859 dumregemMercrorumetBrrtones
941 3834 951 3864 4
978 3839 1049 3901 753⁹]
1085 3839 1147 3889 This
1169 3854 1232 3899 year
1255 3841 1370 3892 cuthred

411 3882 471 3985 {1¹5¹
476 3869 882 4000 fgfflffinwffiffsaffiffings
904 3907 995 3969 fought
1005 3909 1106 3970 against
1116 3909 1159 3959 the
1170 3910 1268 3962 Walsh.
1296 3910 1369 3978 (Sax.

415 4007 506 4068 situ.
519 4007 557 4057 Η.
571 4007 605 4056 a.
616 4007 648 4056 a.
661 4007 703 4068 s.;
715 4007 782 4057 ‘uic
794 4010 882 4058 auver-
907 3974 1024 4074 ΟΜ),
1042 4033 1044 4037 -
1062 4064 1067 4075 ,
1094 4065 1099 4075 ,

415 4091 460 4127 sus
476 4076 656 4126 athelbaldum
671 4091 756 4140 regem
773 4077 883 4128 Merca-
940 4060 954 4144 ἦ
961 4062 1079 4145 asnaa
1090 4065 1173 4128 aa]
1188 4067 1218 4116 0·
1231 4067 1372 4129 o.r.n.;

415 4161 471 4194 rtrm
479 4152 505 4194 et
513 4147 629 4196 Britones
635 4148 695 4210 jugi
703 4148 823 4197 exercitio
830 4149 883 4198 vic-
905 4138 1013 4193 affllmlt
1023 4149 1138 4196 regma
1149 4135 1182 4184 A·
1195 4135 1224 4186 ⁸·
1236 4137 1267 4188 L·

415 4217 493 4266 toriae
516 4217 660 4277 adipiscens
680 4233 730 4266 non
752 4219 882 4267 minimum
941 4214 1128 4283 ‘Sigebcrtusd
1157 4221 1285 4283 sigiberht
1306 4239 1373 4274 com-

416 4285 517 4335 sudoris
526 4288 691 4349 consumpsit,
702 4302 732 4336 ac
740 4293 797 4350 post
804 4303 883 4339 annos
906 4290 1011 4339 menced
1021 4290 1063 4340 his
1073 4291 1145 4354 reign
1153 4293 1179 4340 in
1190 4297 1249 4344 755.
