3180 5048
412 515 477 578 230
614 528 727 576 cnsrn
751 527 877 575 nucum
902 525 1114 574 lurconum.
1219 509 1303 588 [mu.
1322 526 1361 570 11.

415 687 502 748 simo
520 691 658 768 quarto,
667 681 866 748 Willelmus
883 681 974 744 filius
986 680 1160 756 Rollonis,
1176 679 1249 742 dux
1267 678 1360 741 Nor-

416 804 633 861 mannorum,
658 777 755 846 ¹dolo
777 783 813 844 in
838 781 988 845 Francia
1015 780 1151 844 occisus
1173 785 1245 842 est:
1272 778 1364 860 quod

416 903 486 947 non
510 883 682 946 immerito
714 881 846 945 factum
877 880 1026 964 majores
1054 878 1206 942 trudunt.
1259 877 1362 940 Riul-

417 982 473 1046 fus
486 982 668 1064 siquidem,
684 999 775 1044 unus
796 999 978 1062 procerum
995 973 1262 1042 ²Normannicae
1279 997 1363 1058 gen·-

418 1083 476 1160 tis,
493 1083 529 1144 in
554 1081 778 1156 simultatem,
794 1080 911 1144 nescio
929 1098 999 1160 qua
1020 1078 1062 1140 de
1087 1096 1205 1154 causa,
1221 1077 1364 1140 veniens

419 1200 497 1244 cum
520 1180 710 1256 Willelmo,
736 1178 855 1241 multis
888 1178 986 1241 illum
1016 1176 1206 1241 assultibus
1228 1175 1364 1238 afflixit.

420 1280 599 1344 Militabat
615 1279 708 1342 lilius
730 1277 806 1363 ejus
823 1275 1060 1341 Auschetillus
1082 1276 1213 1352 comiti,
1229 1275 1301 1357 qui,
1325 1279 1365 1338 ut

420 1379 559 1443 domino
575 1379 740 1462 placeret,
754 1395 861 1441 ausus
878 1384 931 1441 est
946 1383 1115 1440 temerare
1137 1381 1309 1451 naturam,
1326 1380 1366 1438 ut

419 1485 554 1561 patrem
571 1473 705 1541 ³duello
722 1483 863 1560 caperet
887 1482 922 1540 et
943 1477 979 1538 in
1000 1480 1210 1558 potestatem
1230 1473 1365 1536 comitis

420 1579 592 1657 traderet3
624 1577 778 1641 maximo
804 1583 920 1640 tamen
945 1580 1162 1638 sacramento
1193 1573 1365 1650 credulus

420 1697 464 1740 ne
488 1679 674 1760 quicquam
702 1675 839 1760 injuriae
862 1683 990 1759 praetcr
1012 1673 1153 1738 vincula
1176 1679 1365 1755 pateretur.
1390 1697 1397 1710 ¹

421 1776 489 1839 Sed
515 1778 605 1840 sicut
621 1792 756 1858 semper
771 1775 928 1857 nequitia
944 1791 1069 1838 causas
1084 1773 1254 1836 malorum
1274 1790 1366 1834 com-

419 1876 625 1952 miniscitur,
641 1883 722 1958 post
745 1893 815 1937 non
833 1874 980 1938 multum
1004 1880 1141 1954 tempus
1168 1869 1283 1935 afficta
1309 1889 1367 1934 oc·

421 1973 560 2038 casione
583 1993 697 2037 comes
722 1971 977 2037 Anschetillum
998 1973 1034 2035 in
1062 1971 1210 2055 Papiam
1236 1969 1366 2050 dirigit,

422 2074 605 2156 epistolam
632 2073 674 2136 de
700 2091 764 2136 sua
788 2073 899 2154 ipsius
925 2092 1009 2136 nece
1032 2071 1076 2134 ad
1101 2071 1223 2134 ducem
1252 2069 1367 2133 Italiae

421 2179 630 2256 portantem.
682 2171 748 2235 Ille
765 2190 947 2254 permenso
966 2173 1100 2248 itinere,
1123 2171 1243 2233 urbem
1259 2168 1367 2232 intro·

422 2273 508 2349 leno,
532 2270 717 2352 magnifice
738 2277 920 2352 susceptus
947 2278 1010 2335 est.
1057 2269 1232 2333 Porrectis
1260 2268 1369 2332 literis

424 2370 497 2433 dux
537 2370 693 2433 fraudem
722 2370 868 2433 miratus
900 2369 1056 2451 diriguit,
1094 2369 1188 2451 quod
1223 2367 1369 2448 insignis

424 2468 626 2533 festivitatis
656 2468 756 2531 miles
778 2468 960 2552 juberetur
985 2467 1152 2531 interfici:
1186 2466 1248 2530 sed
1286 2467 1369 2548 quia

423 2567 532 2632 tantae
548 2567 650 2631 famae
667 2568 784 2631 comiti
799 2567 967 2631 resultare
983 2586 1054 2629 non
1070 2573 1163 2630 esset
1176 2564 1370 2642 consilium,

424 2664 678 2731 Auschetillum
706 2668 782 2751 jam
814 2666 991 2730 civitatem
1024 2683 1200 2746 egressum
1233 2665 1372 2746 excepit

414 2766 558 2830 insidiis
582 2767 688 2844 mille,
711 2773 751 2830 ut
772 2764 893 2843 fertur,
915 2765 1092 2848 equitum;
1126 2765 1184 2827 ubi
1206 2764 1265 2827 ille
1291 2783 1369 2827 cum
1465 2833 1473 2848 ‚

425 2866 541 2942 sociis,
558 2885 646 2948 quos
672 2865 878 2943 lectissimos
899 2884 944 2928 ex
961 2865 1054 2928 omni
1071 2862 1289 2927 Normannia
1310 2862 1371 2926 ad-

426 2963 586 3040 duxerat,
603 2964 663 3027 diu
679 2963 854 3028 violentiae
872 2964 1013 3040 restitit,
1028 2963 1087 3027 sed
1105 2963 1257 3040 tandem,
1280 2981 1370 3026 mor-

359 3120 367 3136 ,
424 3070 495 3125 tem
513 3079 612 3125 suam
633 3063 753 3128 multis
770 3063 868 3127 caesis
890 3081 1129 3146 compensans
1155 3081 1225 3125 uon
1245 3063 1372 3143 ignave

425 3160 598 3225 occubuit.
650 3160 753 3225 Solus
779 3181 824 3225 ex
851 3169 998 3244 utraque
1019 3169 1120 3246 parte
1146 3161 1255 3224 Balzo
1278 3159 1371 3224 Nor·

424 3278 572 3323 mannus
597 3267 784 3344 superstes
813 3261 866 3325 vir
892 3261 1012 3342 exigui
1034 3261 1188 3344 corporis
1214 3260 1275 3323 sed
1308 3260 1372 3322 im-

424 3359 536 3425 manis
553 3359 786 3424 fortitudinis:
814 3361 974 3443 quamvis
990 3360 1131 3442 quidam
1146 3379 1208 3441 per
1226 3359 1372 3422 ironiam

424 3459 543 3523 dicant
564 3478 643 3522 eum
658 3459 805 3524 Gurtum
822 3466 996 3536 vocatum,
1013 3459 1109 3522 solus
1125 3459 1268 3540 iuquam
1286 3458 1370 3522 civi-

423 3546 532 3620 tatem
554 3559 701 3636 obsedit,
719 3560 814 3623 solus
840 3559 933 3622 cives
958 3557 1076 3640 gladio
1095 3577 1171 3634 suo,
1188 3557 1304 3640 quoad
1320 3557 1373 3621 vi-

422 3676 499 3726 Sum
524 3666 588 3736 est,
613 3659 796 3722 exterruit.
851 3655 932 3721 Hoc
958 3656 1160 3721 incredibile
1184 3676 1254 3719 non
1276 3655 1372 3739 judi-

456 3928 464 3959 ¹
477 3929 540 3978 Dolo
556 3930 583 3978 io
595 3930 702 3980 Francia
713 3931 805 3980 occisio
821 3933 879 3996 ert]
905 3948 969 3993 ana;
990 3933 1031 3983 ed.
1045 3935 1087 3984 Fr.
1101 3934 1194 3984 Chesn.
1212 3937 1272 3983 tom.
1285 3946 1327 3982 111.
1345 3947 1372 3995 p.

420 4001 544 4061 Compare
563 3999 677 4048 william
695 4001 724 4049 of
738 4001 882 4064 Jumieges,
903 4001 977 4068 ¹858.)

417 4070 464 4119 lib.
484 4083 525 4118 111.
542 4085 600 4132 cap.
614 4073 706 4131 10,11‚
724 4074 770 4132 123
788 4071 881 4120 Chron.
942 4069 953 4102 ⁹
973 4072 1145 4121 Normooaiccr
1161 4067 1267 4140 gratia]
1288 4073 1319 4122 C.
1339 4071 1374 4119 D.

418 4139 539 4188 Sithiem.
564 4155 580 4188 a
606 4140 716 4190 Johunn.
741 4141 836 4202 Iperio,
858 4156 881 4191 c.
907 4143 959 4201 Ε.;
977 4143 1153 4205 Normanniae,
1164 4140 1197 4192 A.
1211 4143 1240 4191 S.
1252 4143 1283 4191 L.

419 4213 470 4268 233
490 4208 541 4257 und
558 4210 651 4259 Chron.
671 4211 758 4258 Sancti
776 4211 882 4259 Martini
942 4208 1077 4280 ³Droello.]
1103 4213 1132 4262 S.
1150 4213 1183 4262 E.
1201 4213 1251 4272 L.;
1267 4211 1374 4272 duellio,

418 4279 573 4328 Turonensis
586 4277 630 4344 (ex
643 4280 802 4330 Bibliotheca
812 4281 881 4330 'Ibu-
908 4280 941 4330 A.
957 4284 986 4331 C.
999 4283 1034 4331 D.
