3150 5046
204 494 275 542 arn.
291 478 349 562 11.]
424 493 538 546 cssrn
560 493 688 544 arcun
711 495 927 549 nncnonuu.
1089 483 1156 548 345

205 653 318 735 magis
338 672 455 718 amore
473 672 576 736 quam
593 660 725 718 terrore
742 674 821 718 cum
839 651 1006 738 subjectis
1028 673 1153 738 agere3

205 752 444 836 delinquentes
474 752 553 834 plus
582 753 694 816 verbis
722 773 826 836 quam
850 755 1050 819 verberibus
1075 776 1154 839 pre·

206 871 320 931 merc3
343 852 467 915 urbani
489 871 512 915 a
530 853 790 934 peregrinorum
812 853 1046 931 infestatione,
1061 873 1083 918 a
1097 875 1154 920 ra·

205 951 289 1033 pina
310 969 499 1028 sacrorum,
515 959 702 1015 cessarent.
753 949 914 1016 Alterum
935 971 1011 1017 esse
1033 963 1155 1020 contre

206 1056 378 1126 naturam,
408 1057 448 1114 ut
478 1050 536 1113 ille
565 1050 625 1132 qui
653 1052 826 1115 communi
851 1059 1049 1119 vesceretur
1074 1073 1155 1119 aere

205 1168 276 1212 non
304 1149 478 1214 communi
502 1149 673 1213 frueretur
701 1168 810 1232 pace:
844 1149 1043 1216 Christiano
1065 1154 1155 1219 inter

207 1246 425 1313 Christianos
450 1248 569 1326 libere,
590 1268 660 1331 quo
685 1249 820 1327 liberet,
843 1250 1152 1333 progrediendum3

204 1347 288 1411 dum
312 1365 431 1412 omnes
451 1347 522 1413 sint
544 1367 589 1410 ex
611 1367 681 1412 uno
706 1346 889 1427 famulitio,
905 1369 1024 1413 omnes
1049 1353 1153 1418 unius

203 1447 386 1528 sanguinis
416 1447 593 1531 conjuncti
626 1448 787 1530 coagulo,
823 1448 991 1532 redempti
1030 1452 1153 1532 pretio.

205 1544 366 1610 Alterum
383 1553 505 1612 contra
521 1546 590 1610 Dei
612 1546 790 1624 mandata,
804 1548 866 1630 qui
887 1550 1091 1631 praeceperit
1114 1545 1154 1615 u't

207 1646 268 1729 qui
290 1646 415 1711 altario
439 1646 638 1710 deserviunt
656 1646 701 1710 de
723 1646 848 1711 altario
869 1648 1002 1714 vivant.
1055 1647 1153 1714 Prae.

206 1754 303 1810 terea
327 1746 466 1812 domum
487 1745 555 1810 Dei
571 1745 692 1812 decere
708 1765 791 1812 esse
813 1746 952 1810 domum
974 1749 1153 1826 orationis,
1255 1819 1261 1834 ¹

205 1864 276 1910 non
297 1845 496 1928 speluncam
521 1845 707 1922 latronum,
729 1865 800 1910 non
820 1846 1051 1927 gladiatorum
1073 1866 1153 1912 con-

141 1941 148 1952 “
204 1945 428 2009 recticulum.
496 1943 743 2009 Permitterent
772 1945 965 2009 oblationes
999 1946 1036 2008 in
1069 1965 1153 2012 usus

206 2044 353 2107 transire
372 2043 602 2120 sacerdotum,
618 2044 676 2109 vel
698 2043 735 2107 in
755 2062 927 2126 expensas
950 2063 1151 2127 pauperum.

208 2141 434 2208 Provisurum
448 2162 486 2206 se
499 2143 568 2207 illis
584 2161 672 2225 quos
688 2149 825 2225 egestas
840 2144 885 2208 ad
899 2145 1039 2226 rapinas
1059 2164 1152 2210 cnm·

207 2243 363 2324 pelleret,
385 2249 426 2307 ut
449 2242 566 2324 aliquo
589 2241 734 2306 honesto
763 2241 875 2308 officio
901 2243 1026 2325 stipem
1049 2244 1153 2310 habe-

205 2349 303 2422 rent3
335 2361 423 2426 quos
453 2341 626 2424 cupiditas
655 2325 870 2421 exagitabat,
894 2343 962 2425 ipsi
984 2344 1063 2422 sibi,
1089 2364 1152 2427 pro

208 2441 276 2506 Dei
299 2443 422 2507 timore
451 2448 486 2505 et
518 2441 625 2506 seculi
654 2440 847 2519 honestate,
875 2442 1013 2505 modum
1045 2462 1152 2524 pone.

207 2547 297 2607 rent.
359 2540 545 2606 Invasores
576 2540 801 2604 ecclesiastici
829 2541 1027 2624 patrimonii
1053 2561 1152 2606 man-

207 2639 299 2706 datis
313 2647 349 2707 et
363 2640 520 2723 epistolis
541 2638 715 2716 invitavit,
730 2646 770 2702 ut
784 2647 846 2705 aut
859 2639 1013 2704 indebita
1031 2640 1152 2706 redde·

192 2723 296 2817 rent,
321 2747 383 2804 aut
406 2759 446 2808 se
464 2739 544 2822 jure
568 2738 629 2803 illa
652 2745 769 2802 tenere
792 2740 828 2803 in
850 2747 974 2803 senatu
991 2740 1152 2806 Romano

206 2840 404 2921 probarent.
456 2837 494 2902 Si
510 2845 671 2902 neutrum
690 2837 854 2916 facerent,
869 2838 1022 2903 ecclesiae
1045 2859 1151 2904 mem·

206 2939 271 3001 bra
284 2957 322 3002 se
336 2957 407 3002 non
420 2956 496 3004 esse
514 2944 773 3018 cognoscerent,
788 2938 849 3020 qui
871 2939 978 3021 capiti
997 2939 1151 3004 ecclesiae

205 3038 308 3102 beato
328 3037 447 3113 Petro,
470 3017 506 3100 el
529 3036 606 3120 ejus
620 3036 762 3114 vicario,
785 3036 1005 3102 resultarent.
1050 3037 1153 3106 Talia

205 3135 404 3219 frequenter
418 3136 653 3213 concionatus
669 3143 732 3202 aut
748 3156 871 3220 parum
893 3144 955 3203 aut
970 3136 1055 3201 nihil
1070 3158 1150 3222 pro·

204 3235 337 3314 ficiens,
365 3235 595 3302 severioribus
625 3235 785 3301 remediis
814 3237 1018 3302 inveterato
1031 3239 1151 3305 morbo

205 3335 355 3400 tentavit
376 3352 566 3400 occurrere.
619 3335 782 3399 (lanterio
807 3335 926 3416 itaque
952 3355 1149 3401 excommu-

205 3433 388 3498 nicationis
411 3452 529 3498 omnes
561 3433 605 3496 ab
630 3433 784 3498 ecclesiae
813 3452 958 3516 corpore
992 3435 1150 3512 removit,
1224 3447 1226 3451 ·

204 3532 261 3598 vel
291 3531 352 3616 qui
379 3533 465 3596 talia
490 3533 655 3609 facerent,
687 3531 744 3597 vel
767 3533 828 3614 qui
855 3533 1037 3614 agentibus
1068 3553 1149 3596 con·

204 3631 298 3697 virio
322 3632 379 3697 vel
405 3633 510 3696 etiam
538 3631 711 3714 colloquio
741 3621 997 3714 participarent.
1059 3631 1150 3698 Haec

203 3731 262 3796 ille
278 3751 341 3815 pro
357 3751 421 3796 suo
434 3729 545 3796 officio
560 3732 646 3796 satis
669 3732 807 3814 agebat,
822 3730 882 3796 sed
901 3751 995 3816 pene·
1010 3730 1047 3795 in
1070 3751 1149 3814 per·

132 3864 136 3868 ·
205 3831 328 3894 niciem
351 3849 453 3896 versa
475 3830 663 3909 sedulitas3
694 3849 774 3895 nam
797 3838 837 3895 ut
858 3830 917 3895 illc
936 3829 1031 3906 dicit,
1055 3830 1148 3910 ‘Qui

203 4028 291 4110 ligni
304 4029 367 4106 illi,
376 4028 446 4094 levi
457 4028 690 4092 admonitione
700 4029 884 4112 perstricti,
893 4036 1015 4106 contra
1023 4027 1148 4108 furere,

203 4129 306 4192 minis
320 4147 423 4192 auras
443 4129 613 4204 territare,
628 4147 744 4192 muros
759 4129 854 4192 urbis
877 4129 980 4190 armis
1003 4128 1148 4192 circum-

204 4247 340 4305 sonare,
355 4228 442 4292 adco
459 4235 499 4292 ut
520 4247 608 4311 pene
628 4246 754 4310 papam
775 4227 1022 4300 interimerent.
1074 4227 1149 4298 lta.
