3180 5048
216 473 287 520 nm.
304 454 361 535 11.]
444 471 557 520 susm
580 473 707 521 nscun
731 472 943 548 nncnonupr.
1101 454 1167 521 263

218 638 323 711 patus
348 634 414 705 est,
439 628 603 706 irritaret,
626 629 716 693 sicut
741 627 786 693 ad
809 628 1058 711 indulgendum
1080 627 1166 692 laci·

218 725 299 804 lem,
317 728 368 792 ita
392 727 437 790 ud
463 727 695 792 ulciscendum
721 729 919 793 terribilem.
970 727 1166 791 Verborum

219 826 376 891 nuditate
393 834 603 909 contempta,
615 828 762 892 edomat
775 835 986 910 praeceptum
1006 828 1165 909 pecunia,

221 933 256 989 et
279 925 387 989 mittit
408 934 548 990 centum
575 926 681 992 libras
703 934 744 990 ut
768 927 981 991 obsidionem
1003 927 1165 1002 solveret,

220 1026 332 1107 pretio
347 1031 483 1107 emptus
504 1025 635 1105 abiret3
664 1045 733 1107 quo
761 1026 819 1090 ille
844 1033 987 1108 accepto
1012 1026 1166 1108 receptui

222 1125 358 1200 cecinit,
371 1143 433 1205 per
448 1124 597 1189 cinctum
606 1125 755 1189 militum
769 1124 886 1188 feriari
899 1125 1063 1207 permisit.
1095 1123 1164 1188 Mi·

221 1230 318 1286 ratus
344 1223 550 1287 Dunstenus
574 1223 722 1288 hominis
749 1224 987 1306 cupiditatem,
1007 1223 1082 1287 haec
1104 1243 1166 1305 per

221 1322 366 1386 nuncios
388 1322 527 1387 retulit:
550 1322 749 1400 ‘Quoniam
777 1322 963 1405 praetulisti
984 1329 1165 1404 argentum

223 1421 312 1498 Deo,
332 1421 513 1503 pecuniam
535 1419 719 1504 Apostolo,
741 1423 965 1504 cupiditatem
987 1421 1083 1498 mihi,
1106 1441 1166 1486 ve-

222 1519 344 1583 lociter
367 1520 507 1586 venient
527 1538 632 1602 super
655 1527 691 1585 te
718 1520 811 1585 mala
835 1539 915 1603 quae
945 1520 1082 1584 locutus
1113 1527 1167 1585 est

223 1617 416 1703 Dominus;
444 1619 506 1684 sed
527 1619 603 1684 haec
624 1639 679 1684 me
704 1620 844 1684 vivente
865 1639 935 1683 non
962 1619 1058 1697 fient,
1084 1619 1167 1700 quia

222 1723 258 1781 et
282 1716 357 1782 boec
378 1717 515 1782 locutus
537 1726 592 1782 est
613 1718 808 1790 Dominus?
859 1718 942 1782 Jarn
964 1738 1048 1783 vero
1070 1711 1287 1800 ¹postn.n.ess.

224 1816 318 1879 beati
338 1816 404 1881 viri
430 1817 574 1894 obitum,
605 1818 666 1900 qui
694 1817 826 1881 decimo
851 1836 943 1883 anno
972 1816 1070 1900 regni
1090 1817 1167 1902 ejus

223 1913 301 1991 fuit,
325 1922 514 1997 properant
533 1917 669 1998 impleri
696 1916 875 1999 praedicta,
897 1916 1065 1980 festinant
1087 1935 1169 1980 con·

225 2014 389 2076 summeri
403 2016 653 2096 praenunciata.
703 2009 835 2079 ²Danis
849 2015 939 2080 enim
955 2035 1074 2080 omnes
1087 2034 1168 2097 por·
1182 2033 1264 2122 nepo
1274 2032 1306 2072 n-

225 2118 282 2175 tus
300 2112 555 2191 infestantibus
568 2120 604 2178 et
616 2114 759 2178 levitate
778 2113 926 2196 piratica
948 2113 1075 2195 ubique
1101 2113 1170 2177 dis-
1182 2094 1263 2124 ”⁸⁰¹³

224 2211 452 2288 currentibus,
474 2212 556 2276 dum
583 2212 774 2277 nesciretur
795 2213 855 2276 ubi
879 2214 929 2277 eis
952 2213 1087 2277 occurri
1110 2212 1170 2276 de·

226 2310 334 2386 beret,
362 2309 538 2375 decretum
567 2330 590 2374 u
617 2305 758 2376 ³Siricio
787 2311 1058 2394 archiepiscopo,
1090 2317 1172 2394 post

226 2409 449 2473 Dunstanum
482 2410 646 2486 secundo,
675 2416 715 2474 ut
743 2411 992 2493 repellerentur
1026 2418 1171 2492 argento

227 2507 287 2589 qui
309 2527 379 2571 non
401 2515 562 2590 poterent
585 2510 688 2574 ferro.
740 2508 831 2574 Item
854 2509 972 2574 decem
997 2510 1106 2574 millia
1131 2510 1173 2573 li-

110 2623 122 2644 ·
227 2606 366 2670 brarum
382 2607 499 2670 soluta
517 2608 741 2690 cupiditatem
763 2609 945 2673 Danorum
968 2609 1171 2690 explevere:

228 2705 425 2787 exemplum
448 2706 576 2770 infame
601 2714 637 2771 et
659 2707 744 2772 viris
766 2706 958 2788 indignum,
979 2707 1174 2771 libertatem

229 2805 376 2888 pecunia
396 2804 576 2882 redimere,
598 2825 701 2888 quam
723 2806 768 2869 eb
789 2806 920 2869 invicto
942 2805 1057 2871 animo
1078 2805 1176 2869 nulla

230 2902 396 2968 violentia
416 2905 527 2986 possit
548 2911 721 2969 excutere.
774 2905 821 2969 Et
833 2911 917 2968 tunc
932 2905 1069 2987 quidem
1088 2923 1175 2987 pau-

229 3001 335 3083 lisper
363 3003 407 3066 ab
435 3004 636 3080 excursibus
666 3011 861 3084 cessatum3
885 3024 980 3082 mox,
1005 3005 1065 3068 ubi
1084 3005 1175 3069 vires

230 3100 302 3163 otio
312 3110 583 3183 resumpserunt,
598 3103 643 3166 nd
658 3103 838 3186 superiora
851 3104 1012 3168 reditum.
1057 3097 1176 3168 *Tunc

232 3198 336 3262 timor
359 3197 495 3282 Anglos
524 3201 713 3265 incesserat
737 3209 777 3266 ut
805 3202 891 3265 nihil
916 3202 958 3265 de
987 3202 1179 3266 resistendo

278 3402 287 3434 ¹
310 3406 373 3454 Pori
401 3405 465 3456 beati
493 3406 543 3456 ciri
569 3407 691 3470 obitum]
751 3402 1178 3469 ⁸Stricta]&ligericorsiriasuc-

232 3475 352 3524 Dunstan
369 3473 430 3524 died
452 3490 484 3523 on
504 3476 632 3538 Sumrdey
650 3477 692 3526 the
717 3475 813 3525 needed
833 3476 972 3536 Aethelgnr
990 3477 1016 3523 in
1032 3475 1075 3523 the
1093 3489 1135 3523 see
1151 3474 1181 3523 of

233 3544 294 3594 loth
304 3543 333 3592 of
341 3545 414 3606 Moy,
424 3545 452 3594 in
470 3545 512 3593 the
524 3560 586 3606 year
596 3549 655 3608 988,
666 3547 692 3593 in
717 3546 877 3605 Canterbury
883 3545 953 3596 A.D.
961 3548 1020 3593 999.
1036 3545 1113 3606 Upon
1121 3544 1178 3603 Ips-

233 3613 276 3661 the
287 3613 347 3662 neth
358 3628 420 3674 year
429 3613 458 3662 of
466 3614 506 3663 hie
519 3615 693 3678 urchprelecy,
716 3614 784 3664 wiclr
795 3615 871 3675 being
882 3614 978 3663 secked
989 3615 1024 3673 by
1034 3613 1076 3661 the
1088 3614 1177 3661 Dones

233 3682 391 3732 undulatos
400 3682 508 3744 hisege.
612 3699 616 3706 ¹
718 3685 744 3732 in
765 3687 824 3744 991,
846 3683 897 3733 and
920 3682 1054 3732 Brihtnotb
1076 3682 1119 3730 the
1141 3682 1177 3729 el·

269 3747 373 3800 ²Dorrir
388 3752 453 3800 enim
467 3766 547 3800 omues
559 3755 645 3816 portus
656 3751 694 3800 in·
717 3754 821 3802 derman
831 3753 906 3810 sitin,
916 3752 959 3800 the
970 3751 1120 3811 archbishop
1132 3750 1178 3798 sd·

228 3819 406 3883 sectantibus]
435 3821 627 3883 Seuthempton,
651 3820 693 3872 the
720 3822 791 3872 vised
802 3822 857 3874 thet
873 3838 889 3871 a
905 3823 998 3871 tribute
1014 3820 1178 3870 oftentlrou·

233 3889 281 3938 isle
290 3889 319 3937 oi
325 3890 488 3953 Thenetend
498 3890 619 3948 Cheshire
626 3905 694 3940 were
719 3892 783 3941 send
794 3892 893 3952 pounds
905 3893 936 3940 be
952 3890 1013 3952 pald
1030 3895 1056 3938 to
1071 3890 1139 3938 them
1151 3892 1178 3936 to

236 3959 348 4020 rareged
369 3961 404 4019 by
420 3960 462 4008 the
481 3951 569 4009 Debes
586 3961 612 4010 in
628 3964 695 4022 980;
718 3961 809 4023 depart
829 3960 893 4010 from
915 3961 957 4009 the
979 3963 1094 4018 country.
1130 3957 1178 4006 See

237 4027 453 4077 eomwallinesl
465 4045 473 4090 3
484 4029 526 4078 the
533 4030 580 4078 isle
588 4028 617 4078 os
622 4030 696 4078 Port-
719 4031 780 4081 Sex.
793 4028 887 4079 Obron.

235 4097 296 4146 land
307 4098 334 4145 in
345 4101 403 4159 982,
414 4099 465 4146 und
472 4099 590 4148 Watcbet
600 4099 627 4146 in
637 4102 696 4158 988,

235 4167 320 4216 where
331 4166 374 4214 the
386 4168 473 4216 Dunes
484 4183 551 4216 were
562 4167 696 4228 defeated;
757 4163 766 4193 ⁴
785 4167 873 4230 Tuon]
893 4169 922 4217 C.
946 4167 981 4216 D.
1004 4167 1056 4228 E.;
1073 4165 1180 4225 Tantus,

234 4235 284 4283 and
296 4235 409 4296 Ipswich
426 4236 452 4283 in
463 4239 521 4285 991.
722 4234 755 4284 Α.
769 4236 797 4285 S.
809 4236 841 4284 L.
