3190 5060
432 484 497 549 128
656 501 770 550 casm
793 501 921 557 ancon
946 501 1159 549 suenorum.
1256 486 1344 570 [nm.
1362 503 1386 549 r.
1417 522 1424 532 ·

412 652 635 723 -versi'sunt
688 658 854 723 Similiter
874 665 910 723 et
932 655 1263 741 supcr‘Baugariani
1277 659 1385 724 irrue-

364 781 367 787 ·
434 767 528 834 runt,
547 757 607 840 qui
629 765 665 822 et
686 759 753 841 ipsi
777 760 820 822 ab
839 759 994 823 exercitu
1008 757 1206 822 Christiano
1232 759 1386 842 superati

431 863 468 921 et
488 857 635 940 dispersi
651 865 745 924 sunt.
796 858 913 922 Etiam
935 864 971 922 et
992 857 1147 941 ejusdcm
1161 857 1385 923 Christianis·

430 956 510 1021 simi
531 957 622 1038 regis
641 957 746 1021 duces
772 965 808 1021 et
833 957 961 1021 tribuni
983 957 1128 1020 multam
1149 965 1284 1040 partem
1300 957 1386 1022 His·

431 1057 545 1139 pamiae
570 1057 734 1144 tulerunt·
747 1076 769 1120 a
790 1056 971 1120 Saracenis
985 1057 1085 1138 quasi
1100 1063 1255 1121 medanta
1277 1057 1385 1121 millia

430 1156 467 1218 in
490 1155 631 1237 longum
657 1176 720 1239 per
744 1155 938 1235 maritima3
962 1155 1022 1219 sed
1046 1156 1125 1234 heu,
1152 1156 1238 1239 proh
1266 1156 1383 1222 dolor!

430 1255 523 1337 quod
546 1255 648 1319 iidem
674 1254 848 1320 maledicti
870 1254 1035 1320 Saraceni
1061 1253 1140 1342 (qui
1162 1263 1198 1320 et
1212 1253 1385 1341 Agareni)

431 1362 507 1418 tota
521 1354 742 1419 dominantur
756 1354 887 1420 Affrica
909 1362 944 1419 et
965 1352 1053 1418 Asia
1076 1354 1206 1438 Majori
1230 1356 1384 1420 maxima

432 1462 606 1537 exparte.
642 1454 778 1520 Nescio
803 1455 884 1537 quid
916 1455 959 1519 de
989 1454 1087 1518 nobis
1107 1462 1291 1518 venturum
1316 1456 1382 1520 sitr

431 1553 561 1635 aliquid
587 1553 677 1618 enim
700 1554 935 1631 dissensionis
958 1553 1128 1618 diabolico
1154 1553 1306 1619 fomento
1328 1555 1382 1618 in-

431 1652 642 1731 flammante,
658 1674 771 1737 nuper
788 1655 880 1718 iuter
893 1673 1010 1735 regem
1026 1653 1196 1718 Karolum
1215 1661 1251 1718 et
1266 1674 1382 1736 regem

432 1751 545 1816 Offam
561 1761 721 1818 exortum
736 1760 800 1831 est,
814 1754 866 1817 ita
888 1761 927 1818 ut
949 1753 1111 1836 utrinque
1127 1752 1306 1835 navigatio
1327 1753 1381 1817 in-

431 1852 577 1916 terdicta
603 1854 859 1935 negotiantibus
890 1860 1014 1917 cesset.
1065 1852 1153 1917 Sunt
1175 1855 1235 1935 qui
1265 1853 1383 1919 dicant

431 1970 494 2015 nos
509 1972 573 2035 pro
590 1971 676 2035 pace
692 1971 767 2016 esse
782 1953 817 2015 in
832 1952 912 2016 illas
926 1958 1042 2035 partes
1057 1953 1267 2016 mittendos!

482 2050 568 2135 §92
593 2051 637 2114 In
658 2051 712 2115 his
737 2052 863 2129 verbis,
885 2059 1011 2134 praeter
1035 2051 1096 2115 illa
1120 2071 1198 2133 quae
1224 2052 1383 2135 superius

429 2151 562 2228 notavi,
586 2151 713 2233 poterit
734 2153 891 2216 curiosus
916 2151 1189 2216 animadvertere
1214 2160 1382 2235 quantum

425 2248 500 2334 jam
524 2269 691 2315 annorum
705 2249 877 2315 effluxerit
892 2271 938 2315 ex
952 2271 1021 2334 quo
1039 2250 1202 2315 Saraceni
1216 2249 1382 2318 Affricam

430 2355 466 2413 et
480 2347 602 2414 Asiam
625 2349 795 2434 Majorem
818 2351 1021 2428 invaserint.
1073 2351 1121 2414 Et
1133 2349 1300 2432 prolecto,
1316 2351 1383 2415 nisi

430 2449 498 2513 Dei
512 2449 695 2514 clementia
714 2451 906 2532 ingenitum
920 2453 1025 2515 robur
1041 2449 1254 2514 Francorum
1275 2451 1383 2534 impo-

429 2555 584 2613 ratorum
609 2550 808 2627 animasset,
837 2550 967 2632 pridem
997 2549 1171 2632 Europam
1197 2550 1381 2634 subjugas-

429 2656 519 2713 sent.
570 2647 670 2714 Adeo
694 2650 899 2732 contemptis
921 2649 1186 2731 imperatoribus
1209 2648 1382 2714 Constan-

429 2747 668 2831 tinopolitanis
692 2749 844 2814 Siciliam
872 2756 907 2814 et
934 2749 1128 2813 Sardiniam
1151 2756 1188 2813 et
1217 2748 1381 2813 Baleares

428 2846 572 2924 insulas,
598 2856 634 2914 et
658 2869 744 2931 pene
769 2868 888 2914 omnes
914 2855 1024 2912 terras
1052 2867 1130 2930 quae
1156 2848 1283 2931 pelago
1308 2850 1382 2912 cin·

430 2953 570 3028 guntur,
597 2955 725 3029 practer
751 2947 914 3012 Rhodum
937 2955 972 3011 et
993 2946 1132 3011 Cretam
1166 2953 1202 3011 et
1228 2946 1382 3030 Ciprum,

430 3054 704 3128 occupaverant:
743 3047 804 3110 sed
842 3047 970 3111 nostris
999 3046 1119 3111 diebus
1154 3066 1216 3130 per
1248 3046 1382 3111 North-

429 3162 576 3208 mannos
598 3144 763 3222 Siciliam,
785 3166 848 3229 per
871 3145 1020 3210 Pisanos
1043 3144 1221 3210 Corsicam
1242 3154 1279 3210 et
1299 3146 1381 3211 Sar-

429 3244 571 3322 diniam,
584 3264 646 3328 per
662 3245 816 3310 Francos
839 3252 876 3310 et
890 3247 1001 3309 omnis
1020 3233 1157 3327 generis
1182 3265 1227 3309 ex
1242 3245 1383 3329 Europa

430 3342 647 3409 Christianos
670 3363 831 3428 magnam
854 3352 988 3429 partem
999 3342 1110 3423 Asia,
1132 3351 1168 3408 et
1192 3345 1304 3427 ipsam
1320 3345 1343 3410 J
1346 3365 1382 3410 e-

430 3443 591 3522 rusalem,
603 3445 796 3527 relinquere
809 3444 920 3510 coacti
935 3451 1017 3509 sunt
1030 3465 1039 3524 3
1053 3444 1097 3508 de
1112 3444 1236 3526 quibus
1252 3447 1335 3526 quia
1345 3445 1381 3510 in

431 3535 671 3626 ¹sequentibus
684 3545 831 3628 amplior
848 3544 914 3610 erit
926 3543 1091 3609 narrmdi
1105 3543 1218 3622 locus,'
1229 3564 1321 3610 nunc
1336 3564 1381 3610 ex

431 3643 544 3707 verbis
559 3643 682 3709 Karoli
704 3644 818 3708 foedus
841 3644 976 3708 firmum
997 3643 1089 3708 inter
1102 3663 1183 3708 eum
1208 3650 1244 3708 et
1267 3643 1382 3709 Offam

430 3750 647 3824 compactum
663 3743 855 3827 subjiciam.

482 3841 499 3924 §
515 3841 569 3906 93.
585 3835 796 3920 ‘'Karolus,
810 3836 943 3925 ³gratia
957 3843 1025 3908 Dei
1036 3862 1099 3907 rex
1117 3842 1331 3907 Francorum
1346 3851 1382 3909 et

422 4052 426 4060 '
464 4064 667 4132 mamam]
686 4070 716 4118 o.
736 4069 771 4120 n.
788 4070 821 4120 Ε.
836 4071 893 4131 M.;
917 4069 998 4118 rurs
1010 4070 1381 4132 mneruavor.1.p.1ss‚ans

427 4139 649 4200 consequentibus,
658 4138 692 4189 A.
705 4139 734 4190 S.
746 4140 778 4189 L.
916 4139 1381 4201 inAlcuin.0p.tom.11.App.p.618.

463 4205 589 4256 'Karalus
605 4244 613 4259 .
628 4244 653 4260 ..
671 4204 771 4276 serica]
790 4210 893 4259 Charle-
951 4207 1066 4258 'Gratia
1077 4209 1150 4272 Dea]
1166 4210 1196 4260 S.
1205 4211 1234 4259 0.
1242 4211 1277 4260 D.
1287 4211 1320 4261 E.
1327 4212 1380 4272 M.;

427 4278 540 4338 magne's
554 4279 629 4327 letter
640 4280 662 4328 is
678 4279 779 4340 printed
790 4281 817 4330 in
827 4281 906 4344 wil-1
916 4280 1020 4330 omitted
1032 4280 1057 4328 iu
1069 4279 1102 4331 A.
1115 4280 1159 4344 11.v
