<?xml version="1.0" encoding="UTF-8"?>
<!DOCTYPE html PUBLIC "-//W3C//DTD XHTML 1.0 Transitional//EN"
    "http://www.w3.org/TR/xhtml1/DTD/xhtml1-transitional.dtd">
<html xmlns="http://www.w3.org/1999/xhtml" xml:lang="en" lang="en">
 <head>
  <title>
</title>
<meta http-equiv="Content-Type" content="text/html;charset=utf-8" />
  <meta name='ocr-system' content='tesseract 3.04.00' />
  <meta name='ocr-capabilities' content='ocr_page ocr_carea ocr_par ocr_line ocrx_word'/>
</head>
<body>
  <div class='ocr_page' id='page_1' title='image "./willelmimalmesb01hardgoog_0136.png"; bbox 0 0 3190 5060; ppageno 0'>
   <div class='ocr_carea' id='block_1_1' title="bbox 415 457 1368 540">
    <p class='ocr_par' dir='ltr' id='par_1_1' title="bbox 415 457 1368 540">
     <span class='ocr_line' id='line_1_1' title="bbox 415 457 1368 540; baseline 0.007 -23"><span class='ocrx_word' id='word_1_1' title='bbox 415 457 480 536; x_wconf 75' lang='lat'><strong>122</strong></span> <span class='ocrx_word' id='word_1_2' title='bbox 643 471 757 522; x_wconf 70' lang='lat' dir='ltr'><strong>enses</strong></span> <span class='ocrx_word' id='word_1_3' title='bbox 780 471 907 520; x_wconf 81' lang='lat' dir='ltr'><strong>nneuu</strong></span> <span class='ocrx_word' id='word_1_4' title='bbox 931 472 1146 522; x_wconf 70' lang='lat' dir='ltr'><strong>suenorum.</strong></span> <span class='ocrx_word' id='word_1_5' title='bbox 1241 457 1368 540; x_wconf 50' lang='lat'>[11113212</span> 
     </span>
    </p>
   </div>
   <div class='ocr_carea' id='block_1_2' title="bbox 412 629 1387 4092">
    <p class='ocr_par' dir='ltr' id='par_1_2' title="bbox 412 629 1387 4092">
     <span class='ocr_line' id='line_1_2' title="bbox 414 629 1368 713; baseline 0 -17"><span class='ocrx_word' id='word_1_6' title='bbox 414 631 545 696; x_wconf 84' lang='lat' dir='ltr'><strong>viribus</strong></span> <span class='ocrx_word' id='word_1_7' title='bbox 560 648 695 713; x_wconf 81' lang='lat' dir='ltr'><strong>semper</strong></span> <span class='ocrx_word' id='word_1_8' title='bbox 708 630 906 713; x_wconf 84' lang='lat' dir='ltr'><strong>amplector.</strong></span> <span class='ocrx_word' id='word_1_9' title='bbox 959 631 1070 695; x_wconf 80' lang='lat' dir='ltr'><strong>Decet</strong></span> <span class='ocrx_word' id='word_1_10' title='bbox 1084 630 1175 694; x_wconf 87' lang='lat' dir='ltr'><strong>enirn</strong></span> <span class='ocrx_word' id='word_1_11' title='bbox 1185 629 1277 694; x_wconf 85' lang='lat' dir='ltr'><strong>inter</strong></span> <span class='ocrx_word' id='word_1_12' title='bbox 1290 638 1368 696; x_wconf 82' lang='lat' dir='ltr'><strong>tan-</strong></span> 
     </span>
     <span class='ocr_line' id='line_1_3' title="bbox 416 729 1370 814; baseline 0.002 -20"><span class='ocrx_word' id='word_1_13' title='bbox 416 738 472 794; x_wconf 83' lang='lat' dir='ltr'><strong>tos</strong></span> <span class='ocrx_word' id='word_1_14' title='bbox 500 748 667 814; x_wconf 81' lang='lat' dir='ltr'><strong>personas</strong></span> <span class='ocrx_word' id='word_1_15' title='bbox 697 729 782 794; x_wconf 91' lang='lat' dir='ltr'><strong>fides</strong></span> <span class='ocrx_word' id='word_1_16' title='bbox 810 737 934 794; x_wconf 85' lang='lat' dir='ltr'><strong>sancta</strong></span> <span class='ocrx_word' id='word_1_17' title='bbox 962 729 1105 807; x_wconf 83' lang='lat' dir='ltr'><strong>servari,</strong></span> <span class='ocrx_word' id='word_1_18' title='bbox 1131 737 1169 794; x_wconf 89' lang='lat' dir='ltr'><strong>et</strong></span> <span class='ocrx_word' id='word_1_19' title='bbox 1200 730 1370 796; x_wconf 82' lang='lat' dir='ltr'><strong>inviolate</strong></span> 
     </span>
     <span class='ocr_line' id='line_1_4' title="bbox 412 829 1369 913; baseline -0.002 -17"><span class='ocrx_word' id='word_1_20' title='bbox 412 829 545 896; x_wconf 80' lang='lat' dir='ltr'><strong>caritas</strong></span> <span class='ocrx_word' id='word_1_21' title='bbox 558 829 723 894; x_wconf 87' lang='lat' dir='ltr'><strong>custodiri</strong></span> <span class='ocrx_word' id='word_1_22' title='bbox 737 849 746 909; x_wconf 86' lang='lat'><em>3</em></span> <span class='ocrx_word' id='word_1_23' title='bbox 770 830 853 912; x_wconf 80' lang='lat' dir='ltr'><strong>quia</strong></span> <span class='ocrx_word' id='word_1_24' title='bbox 869 837 1017 912; x_wconf 82' lang='lat' dir='ltr'><strong>paterna</strong></span> <span class='ocrx_word' id='word_1_25' title='bbox 1028 829 1141 913; x_wconf 86' lang='lat' dir='ltr'><strong>pietas</strong></span> <span class='ocrx_word' id='word_1_26' title='bbox 1156 829 1303 893; x_wconf 90' lang='lat' dir='ltr'><strong>filiorum</strong></span> <span class='ocrx_word' id='word_1_27' title='bbox 1318 830 1369 894; x_wconf 82' lang='lat' dir='ltr'><strong>fe·</strong></span> 
     </span>
     <span class='ocr_line' id='line_1_5' title="bbox 416 923 1369 1007; baseline 0.002 -15"><span class='ocrx_word' id='word_1_28' title='bbox 416 929 530 993; x_wconf 84' lang='lat' dir='ltr'><strong>licitas</strong></span> <span class='ocrx_word' id='word_1_29' title='bbox 543 931 580 992; x_wconf 94' lang='lat' dir='ltr'><strong>in</strong></span> <span class='ocrx_word' id='word_1_30' title='bbox 596 930 673 993; x_wconf 90' lang='lat' dir='ltr'><strong>Deo</strong></span> <span class='ocrx_word' id='word_1_31' title='bbox 691 947 767 993; x_wconf 89' lang='lat' dir='ltr'><strong>esse</strong></span> <span class='ocrx_word' id='word_1_32' title='bbox 789 928 959 993; x_wconf 82' lang='lat' dir='ltr'><strong>credenda</strong></span> <span class='ocrx_word' id='word_1_33' title='bbox 973 935 1038 1007; x_wconf 87' lang='lat' dir='ltr'><strong>est,</strong></span> <span class='ocrx_word' id='word_1_34' title='bbox 1061 923 1269 992; x_wconf 91' lang='lat' dir='ltr'><strong>¹seoundnm</strong></span> <span class='ocrx_word' id='word_1_35' title='bbox 1282 929 1369 994; x_wconf 92' lang='lat' dir='ltr'><strong>illud</strong></span> 
     </span>
     <span class='ocr_line' id='line_1_6' title="bbox 418 1027 1369 1107; baseline 0 -15"><span class='ocrx_word' id='word_1_36' title='bbox 418 1029 589 1107; x_wconf 87' lang='lat' dir='ltr'><strong>Ezechiae,</strong></span> <span class='ocrx_word' id='word_1_37' title='bbox 599 1029 733 1093; x_wconf 81' lang='lat' dir='ltr'><strong>“Pater</strong></span> <span class='ocrx_word' id='word_1_38' title='bbox 741 1028 821 1092; x_wconf 86' lang='lat' dir='ltr'><strong>filiis</strong></span> <span class='ocrx_word' id='word_1_39' title='bbox 830 1027 1061 1092; x_wconf 80' lang='lat' dir='ltr'><strong>notemfaoiet</strong></span> <span class='ocrx_word' id='word_1_40' title='bbox 1069 1028 1252 1092; x_wconf 80' lang='lat' dir='ltr'><strong>veritatem</strong></span> <span class='ocrx_word' id='word_1_41' title='bbox 1261 1035 1369 1106; x_wconf 84' lang='lat' dir='ltr'><strong>tuam,</strong></span> 
     </span>
     <span class='ocr_line' id='line_1_7' title="bbox 418 1125 1370 1212; baseline 0 -20"><span class='ocrx_word' id='word_1_42' title='bbox 418 1127 602 1193; x_wconf 88' lang='lat' dir='ltr'><strong>Domine.&#39;’</strong></span> <span class='ocrx_word' id='word_1_43' title='bbox 655 1127 699 1192; x_wconf 91' lang='lat' dir='ltr'><strong>In</strong></span> <span class='ocrx_word' id='word_1_44' title='bbox 713 1127 837 1209; x_wconf 91' lang='lat' dir='ltr'><strong>quibus</strong></span> <span class='ocrx_word' id='word_1_45' title='bbox 851 1127 966 1191; x_wconf 88' lang='lat' dir='ltr'><strong>verbis</strong></span> <span class='ocrx_word' id='word_1_46' title='bbox 982 1134 1017 1191; x_wconf 89' lang='lat' dir='ltr'><strong>te</strong></span> <span class='ocrx_word' id='word_1_47' title='bbox 1031 1126 1196 1212; x_wconf 80' lang='lat' dir='ltr'><strong>(amande</strong></span> <span class='ocrx_word' id='word_1_48' title='bbox 1215 1125 1370 1212; x_wconf 83' lang='lat' dir='ltr'><strong>genitor)</strong></span> 
     </span>
     <span class='ocr_line' id='line_1_8' title="bbox 417 1225 1369 1310; baseline 0 -20"><span class='ocrx_word' id='word_1_49' title='bbox 417 1227 584 1310; x_wconf 87' lang='lat' dir='ltr'><strong>implore,</strong></span> <span class='ocrx_word' id='word_1_50' title='bbox 606 1233 646 1291; x_wconf 92' lang='lat' dir='ltr'><strong>ut</strong></span> <span class='ocrx_word' id='word_1_51' title='bbox 673 1226 743 1291; x_wconf 90' lang='lat' dir='ltr'><strong>filio</strong></span> <span class='ocrx_word' id='word_1_52' title='bbox 765 1234 839 1303; x_wconf 90' lang='lat' dir='ltr'><strong>tuo,</strong></span> <span class='ocrx_word' id='word_1_53' title='bbox 862 1233 935 1289; x_wconf 84' lang='lat' dir='ltr'><strong>tam</strong></span> <span class='ocrx_word' id='word_1_54' title='bbox 959 1227 989 1289; x_wconf 89' lang='lat' dir='ltr'><strong>si</strong></span> <span class='ocrx_word' id='word_1_55' title='bbox 1011 1225 1167 1307; x_wconf 90' lang='lat' dir='ltr'><strong>indigno,</strong></span> <span class='ocrx_word' id='word_1_56' title='bbox 1188 1227 1369 1291; x_wconf 80' lang='lat' dir='ltr'><strong>veritatem</strong></span> 
     </span>
     <span class='ocr_line' id='line_1_9' title="bbox 419 1325 1367 1392; baseline -0.001 -2"><span class='ocrx_word' id='word_1_57' title='bbox 419 1327 560 1391; x_wconf 88' lang='lat' dir='ltr'><strong>Domini</strong></span> <span class='ocrx_word' id='word_1_58' title='bbox 583 1327 653 1392; x_wconf 89' lang='lat' dir='ltr'><strong>tuis</strong></span> <span class='ocrx_word' id='word_1_59' title='bbox 666 1326 780 1390; x_wconf 87' lang='lat' dir='ltr'><strong>verbis</strong></span> <span class='ocrx_word' id='word_1_60' title='bbox 796 1325 1024 1389; x_wconf 84' lang='lat' dir='ltr'><strong>saerosanctis</strong></span> <span class='ocrx_word' id='word_1_61' title='bbox 1040 1333 1158 1389; x_wconf 82' lang='lat' dir='ltr'><strong>notum</strong></span> <span class='ocrx_word' id='word_1_62' title='bbox 1171 1325 1285 1390; x_wconf 86' lang='lat' dir='ltr'><strong>fecere</strong></span> <span class='ocrx_word' id='word_1_63' title='bbox 1297 1345 1367 1390; x_wconf 95' lang='lat' dir='ltr'><strong>non</strong></span> 
     </span>
     <span class='ocr_line' id='line_1_10' title="bbox 418 1424 1368 1509; baseline 0 -19"><span class='ocrx_word' id='word_1_64' title='bbox 418 1426 578 1507; x_wconf 82' lang='lat' dir='ltr'><strong>deneges,</strong></span> <span class='ocrx_word' id='word_1_65' title='bbox 606 1433 646 1491; x_wconf 90' lang='lat' dir='ltr'><strong>ut</strong></span> <span class='ocrx_word' id='word_1_66' title='bbox 674 1445 736 1509; x_wconf 92' lang='lat' dir='ltr'><strong>per</strong></span> <span class='ocrx_word' id='word_1_67' title='bbox 763 1432 859 1488; x_wconf 80' lang='lat' dir='ltr'><strong>tunm</strong></span> <span class='ocrx_word' id='word_1_68' title='bbox 882 1443 1005 1488; x_wconf 85' lang='lat' dir='ltr'><strong>sanem</strong></span> <span class='ocrx_word' id='word_1_69' title='bbox 1030 1424 1267 1504; x_wconf 78' lang='lat' dir='ltr'><strong>eruditionem,</strong></span> <span class='ocrx_word' id='word_1_70' title='bbox 1291 1425 1368 1490; x_wconf 83' lang='lat' dir='ltr'><strong>Deo</strong></span> 
     </span>
     <span class='ocr_line' id='line_1_11' title="bbox 419 1523 1369 1610; baseline 0 -22"><span class='ocrx_word' id='word_1_71' title='bbox 419 1526 620 1610; x_wconf 83' lang='lat' dir='ltr'><strong>adjuvante,</strong></span> <span class='ocrx_word' id='word_1_72' title='bbox 648 1524 692 1588; x_wconf 81' lang='lat' dir='ltr'><strong>ad</strong></span> <span class='ocrx_word' id='word_1_73' title='bbox 715 1523 866 1588; x_wconf 88' lang='lat' dir='ltr'><strong>melioris</strong></span> <span class='ocrx_word' id='word_1_74' title='bbox 890 1523 974 1588; x_wconf 85' lang='lat' dir='ltr'><strong>vitae</strong></span> <span class='ocrx_word' id='word_1_75' title='bbox 997 1524 1212 1606; x_wconf 88' lang='lat' dir='ltr'><strong>propositum</strong></span> <span class='ocrx_word' id='word_1_76' title='bbox 1235 1544 1369 1588; x_wconf 81' lang='lat' dir='ltr'><strong>merear</strong></span> 
     </span>
     <span class='ocr_line' id='line_1_12' title="bbox 419 1622 1368 1708; baseline -0.001 -20"><span class='ocrx_word' id='word_1_77' title='bbox 419 1625 611 1708; x_wconf 86' lang='lat' dir='ltr'><strong>pervenire.</strong></span> <span class='ocrx_word' id='word_1_78' title='bbox 663 1622 758 1702; x_wconf 85' lang='lat' dir='ltr'><strong>Quin</strong></span> <span class='ocrx_word' id='word_1_79' title='bbox 770 1625 886 1701; x_wconf 82' lang='lat' dir='ltr'><strong>etium,</strong></span> <span class='ocrx_word' id='word_1_80' title='bbox 900 1623 1108 1700; x_wconf 89' lang='lat' dir='ltr'><strong>dulcissime,</strong></span> <span class='ocrx_word' id='word_1_81' title='bbox 1120 1642 1198 1686; x_wconf 89' lang='lat' dir='ltr'><strong>cum</strong></span> <span class='ocrx_word' id='word_1_82' title='bbox 1209 1623 1368 1687; x_wconf 91' lang='lat' dir='ltr'><strong>omnibus</strong></span> 
     </span>
     <span class='ocr_line' id='line_1_13' title="bbox 419 1723 1387 1807; baseline -0.002 -19"><span class='ocrx_word' id='word_1_83' title='bbox 419 1724 590 1807; x_wconf 89' lang='lat' dir='ltr'><strong>episcopis</strong></span> <span class='ocrx_word' id='word_1_84' title='bbox 615 1724 755 1800; x_wconf 78' lang='lat' dir='ltr'><strong>nostriS,</strong></span> <span class='ocrx_word' id='word_1_85' title='bbox 768 1730 803 1786; x_wconf 89' lang='lat' dir='ltr'><strong>et</strong></span> <span class='ocrx_word' id='word_1_86' title='bbox 817 1723 1054 1806; x_wconf 89' lang='lat' dir='ltr'><strong>cujuscunque</strong></span> <span class='ocrx_word' id='word_1_87' title='bbox 1068 1723 1161 1805; x_wconf 87' lang='lat' dir='ltr'><strong>apud</strong></span> <span class='ocrx_word' id='word_1_88' title='bbox 1175 1742 1239 1786; x_wconf 89' lang='lat' dir='ltr'><strong>nos</strong></span> <span class='ocrx_word' id='word_1_89' title='bbox 1255 1723 1368 1804; x_wconf 92' lang='lat' dir='ltr'><strong>digni·</strong></span> <span class='ocrx_word' id='word_1_90' title='bbox 1385 1774 1387 1779; x_wconf 91' lang='lat'><em>.</em></span> 
     </span>
     <span class='ocr_line' id='line_1_14' title="bbox 419 1821 1369 1906; baseline -0.001 -19"><span class='ocrx_word' id='word_1_91' title='bbox 419 1825 503 1888; x_wconf 80' lang='lat' dir='ltr'><strong>tatis</strong></span> <span class='ocrx_word' id='word_1_92' title='bbox 526 1841 686 1906; x_wconf 84' lang='lat' dir='ltr'><strong>persona,</strong></span> <span class='ocrx_word' id='word_1_93' title='bbox 702 1823 867 1904; x_wconf 90' lang='lat' dir='ltr'><strong>deprecor</strong></span> <span class='ocrx_word' id='word_1_94' title='bbox 891 1822 943 1886; x_wconf 90' lang='lat' dir='ltr'><strong>uti</strong></span> <span class='ocrx_word' id='word_1_95' title='bbox 965 1822 1063 1886; x_wconf 89' lang='lat' dir='ltr'><strong>nobis</strong></span> <span class='ocrx_word' id='word_1_96' title='bbox 1090 1822 1132 1884; x_wconf 90' lang='lat' dir='ltr'><strong>de</strong></span> <span class='ocrx_word' id='word_1_97' title='bbox 1157 1821 1369 1887; x_wconf 79' lang='lat' dir='ltr'><strong>multimodis</strong></span> 
     </span>
     <span class='ocr_line' id='line_1_15' title="bbox 417 1922 1369 2004; baseline 0 -19"><span class='ocrx_word' id='word_1_98' title='bbox 417 1922 710 2004; x_wconf 78' lang='lat' dir='ltr'><strong>inquisitionibus,</strong></span> <span class='ocrx_word' id='word_1_99' title='bbox 733 1939 837 2003; x_wconf 89' lang='lat' dir='ltr'><strong>super</strong></span> <span class='ocrx_word' id='word_1_100' title='bbox 865 1922 989 2003; x_wconf 88' lang='lat' dir='ltr'><strong>quibus</strong></span> <span class='ocrx_word' id='word_1_101' title='bbox 1011 1922 1206 1985; x_wconf 71' lang='lat' dir='ltr'><strong>&#39;maximum</strong></span> <span class='ocrx_word' id='word_1_102' title='bbox 1234 1922 1369 1986; x_wconf 87' lang='lat' dir='ltr'><strong>subtili-</strong></span> 
     </span>
     <span class='ocr_line' id='line_1_16' title="bbox 418 2019 1369 2108; baseline -0.002 -21"><span class='ocrx_word' id='word_1_103' title='bbox 418 2029 527 2088; x_wconf 81' lang='lat' dir='ltr'><strong>tatem</strong></span> <span class='ocrx_word' id='word_1_104' title='bbox 549 2028 701 2086; x_wconf 80' lang='lat' dir='ltr'><strong>vestram</strong></span> <span class='ocrx_word' id='word_1_105' title='bbox 728 2020 870 2102; x_wconf 90' lang='lat' dir='ltr'><strong>dignum</strong></span> <span class='ocrx_word' id='word_1_106' title='bbox 894 2019 1056 2108; x_wconf 82' lang='lat' dir='ltr'><strong>duximus</strong></span> <span class='ocrx_word' id='word_1_107' title='bbox 1078 2020 1287 2103; x_wconf 86' lang='lat' dir='ltr'><strong>perquirere,</strong></span> <span class='ocrx_word' id='word_1_108' title='bbox 1309 2023 1369 2085; x_wconf 61' lang='lat' dir='ltr'><strong>bea</strong></span> 
     </span>
     <span class='ocr_line' id='line_1_17' title="bbox 419 2119 1368 2203; baseline -0.002 -19"><span class='ocrx_word' id='word_1_109' title='bbox 419 2123 524 2203; x_wconf 93' lang='lat' dir='ltr'><strong>nigne</strong></span> <span class='ocrx_word' id='word_1_110' title='bbox 546 2119 767 2202; x_wconf 84' lang='lat' dir='ltr'><strong>respondeas,</strong></span> <span class='ocrx_word' id='word_1_111' title='bbox 782 2140 826 2183; x_wconf 92' lang='lat' dir='ltr'><strong>ne</strong></span> <span class='ocrx_word' id='word_1_112' title='bbox 839 2128 1037 2185; x_wconf 84' lang='lat' dir='ltr'><strong>sanctorum</strong></span> <span class='ocrx_word' id='word_1_113' title='bbox 1053 2120 1196 2184; x_wconf 83' lang='lat' dir='ltr'><strong>traditio</strong></span> <span class='ocrx_word' id='word_1_114' title='bbox 1217 2128 1368 2202; x_wconf 80' lang='lat' dir='ltr'><strong>petrum,</strong></span> 
     </span>
     <span class='ocr_line' id='line_1_18' title="bbox 418 2219 1369 2301; baseline 0 -17"><span class='ocrx_word' id='word_1_115' title='bbox 418 2229 455 2284; x_wconf 92' lang='lat' dir='ltr'><strong>et</strong></span> <span class='ocrx_word' id='word_1_116' title='bbox 479 2222 523 2284; x_wconf 85' lang='lat' dir='ltr'><strong>ab</strong></span> <span class='ocrx_word' id='word_1_117' title='bbox 548 2220 618 2284; x_wconf 88' lang='lat' dir='ltr'><strong>illis</strong></span> <span class='ocrx_word' id='word_1_118' title='bbox 639 2219 769 2284; x_wconf 80' lang='lat' dir='ltr'><strong>tradita</strong></span> <span class='ocrx_word' id='word_1_119' title='bbox 793 2220 893 2284; x_wconf 92' lang='lat' dir='ltr'><strong>nobis</strong></span> <span class='ocrx_word' id='word_1_120' title='bbox 911 2219 1045 2301; x_wconf 82' lang='lat' dir='ltr'><strong>regula,</strong></span> <span class='ocrx_word' id='word_1_121' title='bbox 1067 2221 1167 2301; x_wconf 83' lang='lat' dir='ltr'><strong>qnasi</strong></span> <span class='ocrx_word' id='word_1_122' title='bbox 1190 2219 1369 2301; x_wconf 83' lang='lat' dir='ltr'><strong>incognita</strong></span> 
     </span>
     <span class='ocr_line' id='line_1_19' title="bbox 419 2318 1369 2402; baseline -0.002 -18"><span class='ocrx_word' id='word_1_123' title='bbox 419 2340 481 2402; x_wconf 91' lang='lat' dir='ltr'><strong>per</strong></span> <span class='ocrx_word' id='word_1_124' title='bbox 493 2319 624 2402; x_wconf 82' lang='lat' dir='ltr'><strong>aliquid</strong></span> <span class='ocrx_word' id='word_1_125' title='bbox 637 2319 779 2383; x_wconf 81' lang='lat' dir='ltr'><strong>vitietur</strong></span> <span class='ocrx_word' id='word_1_126' title='bbox 800 2320 838 2382; x_wconf 92' lang='lat' dir='ltr'><strong>in</strong></span> <span class='ocrx_word' id='word_1_127' title='bbox 860 2319 979 2400; x_wconf 87' lang='lat' dir='ltr'><strong>nobis;</strong></span> <span class='ocrx_word' id='word_1_128' title='bbox 1002 2318 1062 2382; x_wconf 91' lang='lat' dir='ltr'><strong>sed</strong></span> <span class='ocrx_word' id='word_1_129' title='bbox 1087 2338 1199 2383; x_wconf 91' lang='lat' dir='ltr'><strong>sermo</strong></span> <span class='ocrx_word' id='word_1_130' title='bbox 1219 2328 1300 2384; x_wconf 92' lang='lat' dir='ltr'><strong>tuus</strong></span> <span class='ocrx_word' id='word_1_131' title='bbox 1317 2320 1369 2382; x_wconf 93' lang='lat' dir='ltr'><strong>di·</strong></span> 
     </span>
     <span class='ocr_line' id='line_1_20' title="bbox 419 2418 1370 2496; baseline -0.001 -14"><span class='ocrx_word' id='word_1_132' title='bbox 419 2428 534 2484; x_wconf 87' lang='lat' dir='ltr'><strong>rectus</strong></span> <span class='ocrx_word' id='word_1_133' title='bbox 560 2418 659 2483; x_wconf 90' lang='lat' dir='ltr'><strong>nobis</strong></span> <span class='ocrx_word' id='word_1_134' title='bbox 683 2419 720 2481; x_wconf 93' lang='lat' dir='ltr'><strong>in</strong></span> <span class='ocrx_word' id='word_1_135' title='bbox 743 2419 887 2483; x_wconf 81' lang='lat' dir='ltr'><strong>caritate</strong></span> <span class='ocrx_word' id='word_1_136' title='bbox 912 2427 948 2482; x_wconf 87' lang='lat' dir='ltr'><strong>et</strong></span> <span class='ocrx_word' id='word_1_137' title='bbox 964 2418 1227 2482; x_wconf 79' lang='lat' dir='ltr'><strong>mansuetudine</strong></span> <span class='ocrx_word' id='word_1_138' title='bbox 1240 2419 1370 2496; x_wconf 80' lang='lat' dir='ltr'><strong>veniat,</strong></span> 
     </span>
     <span class='ocr_line' id='line_1_21' title="bbox 419 2517 1369 2603; baseline 0 -21"><span class='ocrx_word' id='word_1_139' title='bbox 419 2527 460 2583; x_wconf 89' lang='lat' dir='ltr'><strong>ut</strong></span> <span class='ocrx_word' id='word_1_140' title='bbox 481 2539 544 2603; x_wconf 92' lang='lat' dir='ltr'><strong>per</strong></span> <span class='ocrx_word' id='word_1_141' title='bbox 565 2518 634 2581; x_wconf 91' lang='lat' dir='ltr'><strong>Dei</strong></span> <span class='ocrx_word' id='word_1_142' title='bbox 661 2518 928 2583; x_wconf 84' lang='lat' dir='ltr'><strong>misericordiam</strong></span> <span class='ocrx_word' id='word_1_143' title='bbox 957 2517 1175 2601; x_wconf 87' lang='lat' dir='ltr'><strong>profuturum</strong></span> <span class='ocrx_word' id='word_1_144' title='bbox 1202 2518 1239 2581; x_wconf 92' lang='lat' dir='ltr'><strong>in</strong></span> <span class='ocrx_word' id='word_1_145' title='bbox 1269 2518 1369 2582; x_wconf 89' lang='lat' dir='ltr'><strong>nobis</strong></span> 
     </span>
     <span class='ocr_line' id='line_1_22' title="bbox 419 2616 1368 2700; baseline -0.002 -18"><span class='ocrx_word' id='word_1_146' title='bbox 419 2619 577 2700; x_wconf 70' lang='lat' dir='ltr'><strong>penioint</strong></span> <span class='ocrx_word' id='word_1_147' title='bbox 586 2618 748 2682; x_wconf 85' lang='lat' dir='ltr'><strong>fructum.</strong></span> <span class='ocrx_word' id='word_1_148' title='bbox 780 2617 937 2682; x_wconf 90' lang='lat' dir='ltr'><strong>Primum</strong></span> <span class='ocrx_word' id='word_1_149' title='bbox 948 2636 1096 2699; x_wconf 82' lang='lat' dir='ltr'><strong>namque</strong></span> <span class='ocrx_word' id='word_1_150' title='bbox 1108 2625 1161 2682; x_wconf 88' lang='lat' dir='ltr'><strong>est</strong></span> <span class='ocrx_word' id='word_1_151' title='bbox 1174 2616 1266 2699; x_wconf 92' lang='lat' dir='ltr'><strong>quod</strong></span> <span class='ocrx_word' id='word_1_152' title='bbox 1281 2636 1368 2699; x_wconf 91' lang='lat' dir='ltr'><strong>pon·</strong></span> 
     </span>
     <span class='ocr_line' id='line_1_23' title="bbox 419 2715 1368 2801; baseline -0.003 -19"><span class='ocrx_word' id='word_1_153' title='bbox 419 2719 530 2782; x_wconf 87' lang='lat' dir='ltr'><strong>tifices</strong></span> <span class='ocrx_word' id='word_1_154' title='bbox 554 2717 664 2782; x_wconf 88' lang='lat' dir='ltr'><strong>nostri</strong></span> <span class='ocrx_word' id='word_1_155' title='bbox 689 2735 730 2780; x_wconf 81' lang='lat' dir='ltr'><strong>ao</strong></span> <span class='ocrx_word' id='word_1_156' title='bbox 754 2717 954 2801; x_wconf 81' lang='lat' dir='ltr'><strong>peritissimi</strong></span> <span class='ocrx_word' id='word_1_157' title='bbox 980 2715 1108 2799; x_wconf 89' lang='lat' dir='ltr'><strong>quique</strong></span> <span class='ocrx_word' id='word_1_158' title='bbox 1134 2717 1172 2780; x_wconf 91' lang='lat' dir='ltr'><strong>in</strong></span> <span class='ocrx_word' id='word_1_159' title='bbox 1193 2715 1293 2781; x_wconf 86' lang='lat' dir='ltr'><strong>nobis</strong></span> <span class='ocrx_word' id='word_1_160' title='bbox 1315 2717 1368 2779; x_wconf 92' lang='lat' dir='ltr'><strong>di-</strong></span> 
     </span>
     <span class='ocr_line' id='line_1_24' title="bbox 419 2815 1369 2899; baseline -0.002 -19"><span class='ocrx_word' id='word_1_161' title='bbox 419 2825 504 2881; x_wconf 89' lang='lat' dir='ltr'><strong>cunt</strong></span> <span class='ocrx_word' id='word_1_162' title='bbox 522 2817 614 2899; x_wconf 90' lang='lat' dir='ltr'><strong>quod</strong></span> <span class='ocrx_word' id='word_1_163' title='bbox 639 2823 762 2880; x_wconf 80' lang='lat' dir='ltr'><strong>contra</strong></span> <span class='ocrx_word' id='word_1_164' title='bbox 783 2835 932 2881; x_wconf 79' lang='lat' dir='ltr'><strong>oenones</strong></span> <span class='ocrx_word' id='word_1_165' title='bbox 955 2823 991 2880; x_wconf 86' lang='lat' dir='ltr'><strong>et</strong></span> <span class='ocrx_word' id='word_1_166' title='bbox 1012 2815 1203 2898; x_wconf 80' lang='lat' dir='ltr'><strong>apostolica</strong></span> <span class='ocrx_word' id='word_1_167' title='bbox 1224 2823 1369 2892; x_wconf 79' lang='lat' dir='ltr'><strong>statuta,</strong></span> 
     </span>
     <span class='ocr_line' id='line_1_25' title="bbox 418 2914 1370 2998; baseline 0 -20"><span class='ocrx_word' id='word_1_168' title='bbox 418 2935 497 2997; x_wconf 85' lang='lat' dir='ltr'><strong>quae</strong></span> <span class='ocrx_word' id='word_1_169' title='bbox 520 2917 619 2980; x_wconf 90' lang='lat' dir='ltr'><strong>nobis</strong></span> <span class='ocrx_word' id='word_1_170' title='bbox 642 2935 664 2979; x_wconf 82' lang='lat' dir='ltr'>a</span> <span class='ocrx_word' id='word_1_171' title='bbox 685 2923 785 2998; x_wconf 86' lang='lat' dir='ltr'><strong>patro</strong></span> <span class='ocrx_word' id='word_1_172' title='bbox 798 2917 997 2980; x_wconf 82' lang='lat' dir='ltr'><strong>beatissimo</strong></span> <span class='ocrx_word' id='word_1_173' title='bbox 1013 2914 1182 2996; x_wconf 81' lang='lat' dir='ltr'><strong>Gregorio</strong></span> <span class='ocrx_word' id='word_1_174' title='bbox 1199 2914 1370 2996; x_wconf 84' lang='lat' dir='ltr'><strong>dirigente</strong></span> 
     </span>
     <span class='ocr_line' id='line_1_26' title="bbox 418 3014 1370 3093; baseline -0.001 -16"><span class='ocrx_word' id='word_1_175' title='bbox 418 3022 552 3078; x_wconf 82' lang='lat' dir='ltr'><strong>statuta</strong></span> <span class='ocrx_word' id='word_1_176' title='bbox 566 3021 660 3091; x_wconf 88' lang='lat' dir='ltr'><strong>sunt,</strong></span> <span class='ocrx_word' id='word_1_177' title='bbox 679 3015 769 3078; x_wconf 88' lang='lat' dir='ltr'><strong>sicut</strong></span> <span class='ocrx_word' id='word_1_178' title='bbox 782 3035 846 3080; x_wconf 87' lang='lat' dir='ltr'><strong>vos</strong></span> <span class='ocrx_word' id='word_1_179' title='bbox 868 3015 978 3093; x_wconf 76' lang='lat' dir='ltr'><strong>scitiS,</strong></span> <span class='ocrx_word' id='word_1_180' title='bbox 992 3015 1181 3078; x_wconf 79' lang='lat' dir='ltr'><strong>auotoritas</strong></span> <span class='ocrx_word' id='word_1_181' title='bbox 1195 3014 1370 3078; x_wconf 89' lang='lat' dir='ltr'><strong>Dorover·</strong></span> 
     </span>
     <span class='ocr_line' id='line_1_27' title="bbox 419 3113 1369 3196; baseline 0.002 -20"><span class='ocrx_word' id='word_1_182' title='bbox 419 3114 535 3177; x_wconf 89' lang='lat' dir='ltr'><strong>nensis</strong></span> <span class='ocrx_word' id='word_1_183' title='bbox 557 3113 814 3196; x_wconf 85' lang='lat' dir='ltr'><strong>metropolitani</strong></span> <span class='ocrx_word' id='word_1_184' title='bbox 826 3114 863 3177; x_wconf 94' lang='lat' dir='ltr'><strong>in</strong></span> <span class='ocrx_word' id='word_1_185' title='bbox 877 3114 964 3178; x_wconf 81' lang='lat' dir='ltr'><strong>dues</strong></span> <span class='ocrx_word' id='word_1_186' title='bbox 986 3113 1165 3178; x_wconf 88' lang='lat' dir='ltr'><strong>scindatur</strong></span> <span class='ocrx_word' id='word_1_187' title='bbox 1176 3114 1369 3196; x_wconf 79' lang='lat' dir='ltr'><strong>parochias,</strong></span> 
     </span>
     <span class='ocr_line' id='line_1_28' title="bbox 418 3209 1370 3300; baseline 0 -23"><span class='ocrx_word' id='word_1_188' title='bbox 418 3213 518 3296; x_wconf 87' lang='lat' dir='ltr'><strong>cujus</strong></span> <span class='ocrx_word' id='word_1_189' title='bbox 542 3212 678 3300; x_wconf 88' lang='lat' dir='ltr'><strong>(eodem</strong></span> <span class='ocrx_word' id='word_1_190' title='bbox 700 3220 800 3296; x_wconf 85' lang='lat' dir='ltr'><strong>patre</strong></span> <span class='ocrx_word' id='word_1_191' title='bbox 821 3209 1026 3297; x_wconf 83' lang='lat' dir='ltr'><strong>mandante)</strong></span> <span class='ocrx_word' id='word_1_192' title='bbox 1047 3213 1170 3277; x_wconf 90' lang='lat' dir='ltr'><strong>ditioni</strong></span> <span class='ocrx_word' id='word_1_193' title='bbox 1192 3212 1370 3296; x_wconf 84' lang='lat' dir='ltr'><strong>subjecere</strong></span> 
     </span>
     <span class='ocr_line' id='line_1_29' title="bbox 418 3311 1370 3395; baseline 0.001 -20"><span class='ocrx_word' id='word_1_194' title='bbox 418 3311 544 3376; x_wconf 90' lang='lat' dir='ltr'><strong>debent</strong></span> <span class='ocrx_word' id='word_1_195' title='bbox 557 3312 709 3395; x_wconf 89' lang='lat' dir='ltr'><strong>episcopi</strong></span> <span class='ocrx_word' id='word_1_196' title='bbox 722 3312 914 3390; x_wconf 89' lang='lat' dir='ltr'><strong>duodecim,</strong></span> <span class='ocrx_word' id='word_1_197' title='bbox 930 3313 1019 3377; x_wconf 89' lang='lat' dir='ltr'><strong>sicut</strong></span> <span class='ocrx_word' id='word_1_198' title='bbox 1033 3332 1096 3395; x_wconf 92' lang='lat' dir='ltr'><strong>per</strong></span> <span class='ocrx_word' id='word_1_199' title='bbox 1112 3312 1275 3376; x_wconf 85' lang='lat' dir='ltr'><strong>ecclesias</strong></span> <span class='ocrx_word' id='word_1_200' title='bbox 1288 3332 1370 3376; x_wconf 91' lang='lat' dir='ltr'><strong>nos·</strong></span> 
     </span>
     <span class='ocr_line' id='line_1_30' title="bbox 418 3411 1369 3494; baseline 0 -18"><span class='ocrx_word' id='word_1_201' title='bbox 418 3419 491 3476; x_wconf 82' lang='lat' dir='ltr'><strong>tras</strong></span> <span class='ocrx_word' id='word_1_202' title='bbox 511 3411 639 3494; x_wconf 87' lang='lat' dir='ltr'><strong>legitur</strong></span> <span class='ocrx_word' id='word_1_203' title='bbox 659 3413 696 3475; x_wconf 92' lang='lat' dir='ltr'><strong>in</strong></span> <span class='ocrx_word' id='word_1_204' title='bbox 717 3412 866 3494; x_wconf 85' lang='lat' dir='ltr'><strong>epistola</strong></span> <span class='ocrx_word' id='word_1_205' title='bbox 879 3431 984 3494; x_wconf 82' lang='lat' dir='ltr'><strong>quem</strong></span> <span class='ocrx_word' id='word_1_206' title='bbox 997 3412 1098 3476; x_wconf 84' lang='lat' dir='ltr'><strong>fratri</strong></span> <span class='ocrx_word' id='word_1_207' title='bbox 1112 3419 1148 3476; x_wconf 90' lang='lat' dir='ltr'><strong>et</strong></span> <span class='ocrx_word' id='word_1_208' title='bbox 1164 3412 1369 3494; x_wconf 86' lang='lat' dir='ltr'><strong>coepiscopo</strong></span> 
     </span>
     <span class='ocr_line' id='line_1_31' title="bbox 418 3511 1369 3594; baseline -0.002 -18"><span class='ocrx_word' id='word_1_209' title='bbox 418 3511 617 3594; x_wconf 80' lang='lat' dir='ltr'><strong>Augustino</strong></span> <span class='ocrx_word' id='word_1_210' title='bbox 632 3511 760 3577; x_wconf 83' lang='lat' dir='ltr'><strong>direxit</strong></span> <span class='ocrx_word' id='word_1_211' title='bbox 775 3512 818 3576; x_wconf 91' lang='lat' dir='ltr'><strong>de</strong></span> <span class='ocrx_word' id='word_1_212' title='bbox 831 3512 965 3576; x_wconf 90' lang='lat' dir='ltr'><strong>duobus</strong></span> <span class='ocrx_word' id='word_1_213' title='bbox 981 3511 1171 3576; x_wconf 83' lang='lat' dir='ltr'><strong>Londoniae</strong></span> <span class='ocrx_word' id='word_1_214' title='bbox 1186 3518 1222 3574; x_wconf 91' lang='lat' dir='ltr'><strong>et</strong></span> <span class='ocrx_word' id='word_1_215' title='bbox 1235 3511 1369 3575; x_wconf 83' lang='lat' dir='ltr'><strong>Ebora·</strong></span> 
     </span>
     <span class='ocr_line' id='line_1_32' title="bbox 418 3610 1368 3694; baseline 0.001 -20"><span class='ocrx_word' id='word_1_216' title='bbox 418 3631 469 3674; x_wconf 86' lang='lat' dir='ltr'><strong>oae</strong></span> <span class='ocrx_word' id='word_1_217' title='bbox 497 3611 698 3694; x_wconf 89' lang='lat' dir='ltr'><strong>metropolis</strong></span> <span class='ocrx_word' id='word_1_218' title='bbox 719 3611 901 3694; x_wconf 88' lang='lat' dir='ltr'><strong>episcopis,</strong></span> <span class='ocrx_word' id='word_1_219' title='bbox 923 3631 1028 3693; x_wconf 81' lang='lat' dir='ltr'><strong>quem</strong></span> <span class='ocrx_word' id='word_1_220' title='bbox 1054 3612 1158 3674; x_wconf 84' lang='lat' dir='ltr'><strong>etiam</strong></span> <span class='ocrx_word' id='word_1_221' title='bbox 1187 3610 1280 3693; x_wconf 80' lang='lat' dir='ltr'><strong>apud</strong></span> <span class='ocrx_word' id='word_1_222' title='bbox 1304 3630 1368 3675; x_wconf 80' lang='lat' dir='ltr'><strong>vos</strong></span> 
     </span>
     <span class='ocr_line' id='line_1_33' title="bbox 417 3710 1368 3793; baseline 0.002 -21"><span class='ocrx_word' id='word_1_223' title='bbox 417 3710 536 3773; x_wconf 81' lang='lat' dir='ltr'><strong>haberi</strong></span> <span class='ocrx_word' id='word_1_224' title='bbox 556 3730 626 3774; x_wconf 94' lang='lat' dir='ltr'><strong>non</strong></span> <span class='ocrx_word' id='word_1_225' title='bbox 640 3710 848 3774; x_wconf 85' lang='lat' dir='ltr'><strong>dubitamus.</strong></span> <span class='ocrx_word' id='word_1_226' title='bbox 900 3710 967 3774; x_wconf 89' lang='lat' dir='ltr'><strong>Sed</strong></span> <span class='ocrx_word' id='word_1_227' title='bbox 980 3712 1055 3793; x_wconf 88' lang='lat' dir='ltr'><strong>ipse</strong></span> <span class='ocrx_word' id='word_1_228' title='bbox 1069 3711 1217 3792; x_wconf 87' lang='lat' dir='ltr'><strong>primum</strong></span> <span class='ocrx_word' id='word_1_229' title='bbox 1230 3710 1368 3793; x_wconf 88' lang='lat' dir='ltr'><strong>pontifi·</strong></span> 
     </span>
     <span class='ocr_line' id='line_1_34' title="bbox 418 3809 1369 3891; baseline 0.002 -19"><span class='ocrx_word' id='word_1_230' title='bbox 418 3809 503 3872; x_wconf 83' lang='lat' dir='ltr'><strong>calis</strong></span> <span class='ocrx_word' id='word_1_231' title='bbox 525 3827 629 3891; x_wconf 82' lang='lat' dir='ltr'><strong>apex,</strong></span> <span class='ocrx_word' id='word_1_232' title='bbox 645 3810 704 3890; x_wconf 92' lang='lat' dir='ltr'><strong>qui</strong></span> <span class='ocrx_word' id='word_1_233' title='bbox 726 3818 810 3874; x_wconf 91' lang='lat' dir='ltr'><strong>tuno</strong></span> <span class='ocrx_word' id='word_1_234' title='bbox 826 3809 1015 3875; x_wconf 85' lang='lat' dir='ltr'><strong>Londoniae</strong></span> <span class='ocrx_word' id='word_1_235' title='bbox 1038 3812 1103 3874; x_wconf 89' lang='lat' dir='ltr'><strong>sub</strong></span> <span class='ocrx_word' id='word_1_236' title='bbox 1115 3809 1245 3874; x_wconf 91' lang='lat' dir='ltr'><strong>honore</strong></span> <span class='ocrx_word' id='word_1_237' title='bbox 1265 3817 1301 3874; x_wconf 86' lang='lat' dir='ltr'><strong>et</strong></span> <span class='ocrx_word' id='word_1_238' title='bbox 1314 3830 1369 3874; x_wconf 87' lang='lat' dir='ltr'><strong>or-</strong></span> 
     </span>
     <span class='ocr_line' id='line_1_35' title="bbox 418 3907 1367 3993; baseline 0.001 -22"><span class='ocrx_word' id='word_1_239' title='bbox 418 3917 582 3972; x_wconf 84' lang='lat' dir='ltr'><strong>namento</strong></span> <span class='ocrx_word' id='word_1_240' title='bbox 607 3907 705 3990; x_wconf 86' lang='lat' dir='ltr'><strong>pallii</strong></span> <span class='ocrx_word' id='word_1_241' title='bbox 727 3908 842 3973; x_wconf 81' lang='lat' dir='ltr'><strong>suerat</strong></span> <span class='ocrx_word' id='word_1_242' title='bbox 864 3911 1092 3993; x_wconf 89' lang='lat' dir='ltr'><strong>conscriptus,</strong></span> <span class='ocrx_word' id='word_1_243' title='bbox 1114 3930 1178 3991; x_wconf 91' lang='lat' dir='ltr'><strong>pro</strong></span> <span class='ocrx_word' id='word_1_244' title='bbox 1197 3929 1239 3974; x_wconf 93' lang='lat' dir='ltr'><strong>eo</strong></span> <span class='ocrx_word' id='word_1_245' title='bbox 1254 3910 1367 3973; x_wconf 64' lang='lat' dir='ltr'><strong>Dore</strong></span> 
     </span>
     <span class='ocr_line' id='line_1_36' title="bbox 417 4007 1368 4092; baseline 0 -20"><span class='ocrx_word' id='word_1_246' title='bbox 417 4009 578 4072; x_wconf 87' lang='lat' dir='ltr'><strong>vernensi</strong></span> <span class='ocrx_word' id='word_1_247' title='bbox 612 4007 749 4072; x_wconf 85' lang='lat' dir='ltr'><strong>oblatus</strong></span> <span class='ocrx_word' id='word_1_248' title='bbox 778 4016 844 4086; x_wconf 88' lang='lat' dir='ltr'><strong>est,</strong></span> <span class='ocrx_word' id='word_1_249' title='bbox 873 4017 978 4092; x_wconf 85' lang='lat' dir='ltr'><strong>atque</strong></span> <span class='ocrx_word' id='word_1_250' title='bbox 1013 4027 1210 4074; x_wconf 86' lang='lat' dir='ltr'><strong>concessus.</strong></span> <span class='ocrx_word' id='word_1_251' title='bbox 1273 4008 1368 4072; x_wconf 82' lang='lat' dir='ltr'><strong>Nam</strong></span> 
     </span>
    </p>
   </div>
   <div class='ocr_carea' id='block_1_3' title="bbox 559 4246 1270 4318">
    <p class='ocr_par' dir='ltr' id='par_1_3' title="bbox 559 4246 1270 4318">
     <span class='ocr_line' id='line_1_37' title="bbox 559 4246 1270 4318; baseline -0.003 -18"><span class='ocrx_word' id='word_1_252' title='bbox 559 4246 566 4277; x_wconf 94' lang='lat'>¹</span> <span class='ocrx_word' id='word_1_253' title='bbox 585 4250 722 4300; x_wconf 77' lang='lat' dir='ltr'><strong>Secundum</strong></span> <span class='ocrx_word' id='word_1_254' title='bbox 734 4249 795 4299; x_wconf 69' lang='lat' dir='ltr'><strong>idad</strong></span> <span class='ocrx_word' id='word_1_255' title='bbox 806 4248 942 4312; x_wconf 55' lang='lat' dir='ltr'><strong>Euthia]</strong></span> <span class='ocrx_word' id='word_1_256' title='bbox 959 4249 1046 4299; x_wconf 85' lang='lat' dir='ltr'><strong>Isoinh</strong></span> <span class='ocrx_word' id='word_1_257' title='bbox 1059 4261 1176 4318; x_wconf 62' lang='lat' dir='ltr'><strong>xxxvto,</strong></span> <span class='ocrx_word' id='word_1_258' title='bbox 1188 4252 1228 4298; x_wconf 77' lang='lat'><strong>19.</strong></span> <span class='ocrx_word' id='word_1_259' title='bbox 1256 4285 1270 4312; x_wconf 53' lang='lat'><strong>.,</strong></span> 
     </span>
    </p>
   </div>
   <div class='ocr_carea' id='block_1_4' title="bbox 0 0 1603 5060">
    <p class='ocr_par' dir='ltr' id='par_1_4' title="bbox 0 0 1603 5060">
     <span class='ocr_line' id='line_1_38' title="bbox 0 0 1603 5060; baseline 0 0"><span class='ocrx_word' id='word_1_260' title='bbox 0 0 1603 5060; x_wconf 95' lang='lat' dir='ltr'><strong> </strong></span> 
     </span>
    </p>
   </div>
  </div>
 </body>
</html>
