3180 5048
258 515 324 561 uia.
343 498 399 578 11.]
483 514 597 563 ensrn
620 515 747 564 nuoun
772 514 987 564 Anononuu.
1143 499 1209 564 283

261 673 409 753 abrupto
432 672 507 735 loro
532 671 710 752 effugiens
738 673 774 735 in
805 672 1000 754 proximum
1027 670 1141 734 lacum
1173 690 1210 734 se

261 770 419 854 projecit,
443 779 490 847 et,
515 771 643 834 diutius
669 771 705 834 in
737 791 830 854 aqua
849 771 1039 848 volutatus,
1063 770 1211 852 figuram

261 871 327 934 sibi
352 870 538 934 humanam
561 871 723 935 restituit.
776 871 903 935 Custos
925 872 969 934 ab
992 870 1102 933 obviis
1126 871 1210 934 scis-

263 971 403 1047 citatuS,
429 971 596 1053 illumque
619 971 776 1053 vestigiis
803 971 992 1046 insecutus
1020 971 1212 1052 interrogat

263 1089 309 1133 an
322 1070 467 1135 vidisset
488 1072 645 1136 asinum:
668 1070 773 1135 refert
793 1070 852 1134 ille
874 1090 912 1134 se
934 1071 1069 1133 asinum
1092 1069 1211 1148 titisse,

261 1169 363 1260 modo
376 1170 560 1248 hominem,
577 1190 780 1253 omnemque
795 1190 914 1234 casum
933 1170 1089 1252 exponit.
1141 1169 1210 1233 Mi-

261 1277 358 1334 ratus
379 1270 529 1334 famulus
551 1269 596 1333 ad
618 1270 794 1335 dominum
818 1269 961 1348 detulit;
985 1269 1144 1333 dominus
1166 1270 1210 1333 ad

262 1369 490 1452 apostolicum
506 1369 669 1446 Leonem,
683 1369 761 1434 dico
784 1376 903 1434 nostro
923 1370 1040 1432 seculo
1062 1370 1210 1434 sanctis·

261 1471 404 1548 simum;
439 1470 607 1533 convictae
641 1488 729 1533 anus
755 1468 846 1534 idem
877 1469 1042 1534 fatentur.
1097 1469 1210 1534 Dubi-

262 1577 393 1633 tantem
418 1588 545 1651 papam
569 1570 749 1634 confirmat
768 1569 894 1633 Petrus
912 1567 1117 1648 Damianos,
1133 1569 1211 1633 lite-

261 1676 389 1733 raturae
411 1669 556 1750 peritus,
576 1689 646 1732 non
669 1669 792 1733 mirum
814 1670 844 1732 si
867 1668 941 1732 haec
957 1667 1031 1731 fieri
1052 1669 1209 1751 possint3

263 1769 499 1852 productoque
534 1769 694 1850 exemplo
726 1768 770 1832 de
801 1762 958 1834 ¹Simoue
995 1768 1115 1850 Mago,
1151 1769 1211 1850 qui

263 1869 527 1934 Faustinianum
549 1869 585 1932 in
611 1867 762 1932 Simonis
778 1869 890 1950 figura
907 1867 1028 1945 videri,
1047 1876 1083 1932 et
1097 1888 1118 1932 a
1130 1868 1210 1932 filiis

262 1968 390 2032 horreri
412 1968 506 2045 fecit,
531 1967 788 2034 instructiorem
810 1968 853 2032 de
876 1974 1002 2032 caetero
1027 1967 1064 2031 in
1083 1969 1210 2032 talibus

261 2068 431 2132 reddidit!

426 2257 475 2304 DE
497 2257 626 2305 GAPITE
648 2257 799 2306 STATUAE
826 2256 1040 2317 LOQUENTIS.

314 2364 424 2448 §172
447 2364 537 2430 Haec
553 2364 779 2448 Aquitannici
792 2366 899 2429 verba
919 2366 997 2429 ideo
1013 2363 1154 2439 inserui,
1168 2381 1212 2426 ne
1225 2386 1329 2448 aarum

263 2464 320 2527 cui
346 2466 470 2528 mirum
484 2466 644 2531 videatur
660 2465 752 2548 quod
779 2465 822 2528 de
838 2464 1009 2529 Gerberto
1029 2464 1123 2527 fama
1140 2463 1210 2526 dis·
1224 2439 1327 2528 lllldff

263 2564 392 2645 persit3
418 2565 547 2628 fudisse
569 2567 635 2629 sibi
660 2572 786 2630 statuae
812 2571 930 2646 caput,
955 2570 1051 2628 certa
1076 2563 1210 2644 inspec-

263 2664 357 2727 tione
379 2665 552 2747 syderum,
569 2685 647 2729 cum
662 2665 822 2729 videlicet
836 2683 954 2728 omnes
976 2664 1126 2744 planetae
1149 2681 1211 2724 ex-

261 2764 359 2827 ordia
389 2783 510 2828 cursus
542 2765 598 2832 sui
628 2764 888 2840 meditarentur,
917 2762 1010 2845 quod
1043 2781 1113 2825 non
1145 2761 1212 2826 nisi

261 2863 513 2944 interrogatum
536 2864 746 2946 loqueretur,
773 2864 833 2927 sed
849 2882 969 2928 verum
984 2861 1040 2926 vel
1061 2860 1210 2925 affirma-

263 2963 333 3027 tive
359 2963 416 3028 vel
446 2966 608 3045 negative
637 2964 895 3045 pronunciaret.
946 2962 1056 3026 Verbi
1084 2961 1210 3044 gratia,

262 3055 405 3126 ²diceret
414 3062 615 3141 Gorbertus,
625 3070 634 3097 ‘
646 3063 716 3127 Ero
730 3062 942 3145 apostolicus
953 3063 979 3126 l'
989 3061 1211 3145 responderet

264 3168 393 3239 statua,
405 3168 414 3196 ‘
425 3163 565 3227 Etiam?
610 3163 765 3228 ‘Moriar
778 3169 964 3245 antequam
979 3169 1115 3226 cantem
1128 3162 1210 3226 mis·

262 3281 338 3325 sam
362 3263 399 3326 in
414 3262 646 3327 Jerusalem‘l'
698 3262 828 3326 ‘Non’
880 3261 960 3340 Quo
982 3261 1079 3324 illum
1102 3261 1209 3324 ambi-

262 3381 332 3442 guo
349 3363 530 3444 deceptum
552 3361 680 3439 serunt,
694 3370 734 3425 ut
756 3361 842 3424 nihil
862 3361 1078 3442 excogitaret
1099 3361 1211 3442 poeni÷

264 3463 383 3525 tentiae
408 3463 468 3547 qui
490 3463 605 3527 animo
627 3461 841 3525 blandiretur
856 3478 920 3524 suo
936 3459 980 3523 de
994 3460 1101 3541 longo
1123 3467 1209 3523 tem-

264 3579 348 3642 pore
369 3563 472 3643 vitae3
497 3563 635 3644 quando
661 3563 752 3626 enim
777 3558 1028 3642 lerosolymam
1051 3559 1101 3624 ire
1125 3559 1208 3622 deli·

264 3662 400 3726 beraret
429 3669 469 3725 ut
501 3668 646 3726 mortem
677 3660 902 3732 stimularet?
955 3658 1031 3723 Nec
1061 3659 1212 3741 providit

300 3891 579 3956 ¹sim0neMago.]1n
595 3891 638 3940 the
653 3890 728 3940 tabu·
753 3895 825 3951 great
851 3889 930 3939 elann
952 3889 982 3938 of
999 3888 1040 3937 his
1063 3902 1132 3950 sons,
1153 3887 1213 3935 who

267 3965 324 4012 lons
334 3964 455 4024 itinerar-y
462 3962 491 4011 of
499 3964 535 4012 St.
544 3963 632 4024 Peter,
637 3960 728 4021 falsely
752 3959 860 4010 mistook
872 3960 924 4008 him
935 3959 974 4008 for
985 3960 1079 4020 Simon,
1091 3957 1141 4006 and
1153 3957 1212 4020 ded,

268 4033 406 4082 attributed
423 4037 449 4082 to
461 4031 578 4083 Clemens
590 4035 728 4093 Romanus,
751 4029 817 4078 until
844 4029 955 4078 recalled
990 4031 1025 4090 by
1059 4029 1096 4077 St.
1125 4028 1210 4076 Peter.

267 4104 353 4152 Simon
364 4103 387 4151 is
397 4103 559 4164 represented
577 4115 605 4150 as
622 4101 728 4163 causing
752 4099 870 4165 (Sharpe,
881 4094 952 4163 aba.)

266 4173 448 4222 Faustinianus
454 4178 480 4220 to
488 4187 589 4222 assume
599 4171 640 4220 his
651 4184 729 4219 coun-

266 4248 382 4303 tenance,
392 4243 426 4302 by
434 4243 543 4304 rubbing
553 4241 594 4289 bis
602 4240 657 4289 lace
665 4240 727 4287 with
789 4234 930 4296 ²Diceret]
953 4239 983 4286 C.
995 4238 1028 4286 E.
1036 4237 1067 4286 L.
1078 4253 1086 4298 3
1103 4251 1161 4287 cum
1173 4237 1212 4284 di-

265 4327 281 4360 a
308 4312 450 4360 medieated
482 4315 605 4373 unguent,
632 4314 658 4358 to
686 4309 728 4357 the
754 4305 875 4369 ceretii.
889 4307 917 4356 S.
930 4308 965 4356 D.
