3180 5048
337 551 341 554 ,
443 494 509 559 270
661 509 774 559 eusrn
802 507 929 557 rancun
953 509 1168 558 nucnoaun.
1253 495 1340 575 [ura.
1360 509 1397 556 11.

443 676 483 732 ut
499 667 741 751 resipiscerent
753 668 799 730 ab
811 666 877 730 hac
887 665 1145 748 superstitione.
1182 663 1265 743 Qui,
1280 672 1394 730 trans·

441 768 518 831 iens
532 773 652 831 vastas
674 766 949 848 intercapedines
962 772 1143 842 terrarum,
1157 764 1296 828 tandem
1319 785 1394 830 ma·

441 867 535 930 rinos
563 867 791 930 transmeavit
815 866 913 942 fines,
940 865 1039 928 etin
1067 864 1123 927 die
1151 863 1292 928 Natalis
1316 866 1391 930 Do·

439 965 526 1028 mini
557 965 715 1047 pervenit
745 971 826 1028 ante
862 970 1084 1047 conspectum
1113 963 1204 1045 regis
1241 962 1391 1046 praefati,

442 1084 593 1147 moxque
618 1084 663 1128 ex
680 1070 779 1146 parte
802 1056 922 1128 nostra
947 1063 1101 1126 salutato
1122 1062 1248 1126 obtulit
1272 1063 1391 1126 literas

441 1182 530 1245 quas
553 1163 605 1226 illi
632 1163 857 1242 miseramus3
883 1161 956 1245 qui,
984 1161 1159 1225 accersitis
1182 1161 1314 1225 cunctis
1337 1163 1392 1226 sui

442 1263 541 1344 regni
562 1262 742 1345 utriusque
771 1261 901 1325 ordinis
924 1260 1082 1323 fidelibus
1111 1261 1391 1343 sapientioribus

442 1362 486 1425 ob
509 1380 660 1425 amorem
686 1368 722 1425 et
744 1361 902 1425 timorem
930 1359 1000 1424 Dei
1020 1360 1279 1442 omnipotentis,
1309 1379 1389 1424 nec·

441 1480 511 1524 non
524 1467 560 1524 et
578 1461 692 1524 sancti
706 1460 804 1525 Petri
826 1459 1061 1542 apostolorum
1084 1458 1261 1541 principis,
1276 1465 1312 1522 et
1327 1479 1389 1541 per

440 1568 595 1624 nostram
633 1556 900 1624 admonitionem
934 1565 1127 1640 paternam,
1156 1558 1387 1622 firmissimam

439 1659 612 1723 concessit
652 1677 785 1741 pacem,
816 1678 895 1722 cum
927 1657 1087 1721 omnibus
1118 1645 1199 1721 filiis
1239 1658 1313 1721 suis
1352 1665 1388 1721 et

438 1756 575 1821 filiabus
597 1758 827 1840 praesentibus
847 1765 883 1822 et
903 1756 1042 1835 futuris,
1070 1763 1205 1821 etcum
1230 1757 1387 1820 omnibus

439 1856 596 1920 fidelibus
614 1857 698 1933 suis,
714 1856 788 1920 sine
810 1856 899 1919 dolo.
953 1854 1034 1934 Qua
1054 1855 1098 1919 de
1115 1875 1152 1919 re
1174 1856 1268 1919 misit
1283 1855 1387 1920 Edel-

438 1956 551 2019 sinum
574 1963 704 2020 sanctae
721 1955 998 2018 Scireburnensis
1015 1955 1170 2018 ecclesiae
1192 1955 1386 2036 praesulem,
1494 2003 1497 2008 .

439 2073 574 2120 necnon
604 2063 640 2119 et
669 2054 893 2118 Leofstanum
931 2053 1040 2117 filium
1069 2051 1247 2130 Alswoldi,
1280 2059 1385 2135 atque

438 2153 593 2218 Wistani
619 2154 727 2217 filium
749 2153 978 2231 Edelnodum,
996 2153 1057 2236 qui
1079 2153 1291 2216 transierunt
1312 2166 1386 2216 ma·

438 2253 532 2316 rinos
556 2252 653 2330 fines,
676 2259 712 2316 et
733 2259 965 2335 pervenerunt
986 2272 1095 2335 usque
1126 2252 1170 2316 ad
1197 2249 1386 2315 Ricardum

437 2351 620 2434 praefatum
646 2352 887 2416 marchionem.
940 2350 1012 2430 Qui
1042 2359 1078 2415 et
1107 2351 1239 2415 monita
1268 2358 1388 2415 nostra

437 2451 580 2532 pacifice
608 2452 812 2534 suscipiens,
840 2452 1010 2533 simulque
1039 2450 1183 2514 audiens
1211 2449 1385 2513 decretum

438 2550 607 2633 suprafati
629 2550 733 2632 regie,
747 2551 868 2615 libenti
887 2551 1002 2615 animo
1024 2550 1168 2615 eandem
1191 2567 1312 2631 pacem
1327 2549 1385 2612 fir-

437 2650 557 2728 mavit,
575 2666 653 2713 cum
678 2650 757 2714 filiis
783 2656 818 2714 et
837 2649 974 2714 filiabus
1006 2651 1079 2714 suis
1100 2649 1329 2732 praesentibus
1351 2656 1387 2712 et

436 2748 573 2827 suturis,
587 2756 623 2814 et
637 2769 714 2812 cum
727 2749 887 2812 omnibus
900 2749 1058 2813 fidelibus
1080 2749 1164 2825 suis,
1178 2768 1220 2812 eo
1239 2749 1385 2812 rationis

436 2855 567 2927 tenore,
590 2857 642 2925 ut,
665 2849 696 2912 si
717 2847 843 2930 aliquis
867 2868 986 2913 eorum
999 2849 1056 2913 vel
1078 2847 1145 2930 ipsi
1169 2847 1299 2930 injuste
1321 2847 1385 2911 ali·

434 2947 518 3028 quid
533 2954 655 3011 contra
673 2948 821 3011 alterum
839 2947 1127 3031 perpetraverint,
1146 2946 1253 3028 digna
1270 2966 1386 3010 emen-

435 3046 576 3110 datione
592 3053 771 3128 purgetur.
822 3046 970 3129 Paxque
993 3053 1133 3110 maneat
1149 3045 1285 3110 stabilis
1307 3066 1385 3128 per-

436 3145 622 3226 petualiter
644 3153 680 3209 et
699 3145 916 3224 inconvulsa,
938 3153 1233 3210 sacramentorum
1254 3146 1383 3208 utrius·

437 3262 507 3326 que
535 3245 645 3326 partis
677 3245 840 3326 stigmate
871 3245 1051 3327 stipulata.
1103 3245 1160 3308 Ex
1184 3251 1284 3326 parte
1317 3244 1384 3308 sci·

435 3342 518 3406 licet
545 3343 707 3408 Edelredi
733 3343 837 3425 regis,
870 3344 1053 3408 Edelsinns
1087 3345 1215 3426 praesul
1251 3351 1383 3408 sanctae

435 3440 713 3507 Scireburnensis
753 3443 920 3520 ecclesiae,
952 3450 988 3507 et
1020 3442 1188 3508 Leolstan
1217 3440 1383 3506 Alfwoldi

435 3541 526 3604 filius
552 3550 588 3606 et
610 3542 808 3606 Edelnodus
821 3542 975 3606 Wistani
992 3542 1103 3606 filius:
1128 3549 1291 3624 exparte
1319 3540 1383 3604 Ri-

434 3641 542 3718 cardi,
574 3639 735 3723 Rogerus
770 3643 966 3724 episcopus,
1005 3640 1178 3706 Rodulfus
1218 3640 1383 3722 Hugonis

434 3739 537 3817 filius,
553 3739 724 3806 Turstenc
739 3740 831 3805 filius
842 3740 981 3822 Turgis.
1034 3738 1164 3804 Actum
1181 3740 1381 3821 Rotomago

434 3837 572 3904 kalend.
584 3839 717 3916 Martii,
728 3859 819 3904 anno
835 3841 879 3903 ab
888 3841 1127 3904 incarnatione
1141 3840 1284 3904 Domini
1294 3858 1380 3902 non-

433 3939 625 4020 gentesimo
643 3940 866 4022 nonagesimo
879 3932 1019 4021 ¹primo,
1036 3939 1224 4004 indictione
1244 3946 1382 4022 quarta.

605 4256 613 4288 ¹
633 4259 742 4322 Prima]
759 4259 793 4310 A.
806 4261 835 4311 S.
850 4263 879 4310 C.
892 4262 925 4311 E.
937 4262 966 4314 1..
980 4277 988 4322 ;
1004 4262 1109 4310 omitted
1120 4263 1147 4310 in
1158 4263 1193 4313 D.
