3190 5060
199 489 328 572 tran]
434 503 548 562 onsrn
572 503 698 552 nnoun
723 503 938 552 nnenouon.
1090 487 1155 552 127

200 669 304 737 trum,
323 657 361 723 in
377 657 515 740 integro
534 653 647 740 ipsam
669 657 870 740 parochiam
890 676 1032 722 numero
1047 650 1154 724 ¹duo·

201 761 311 825 decim
321 761 425 823 beato
438 756 637 840 Augustino
652 757 806 841 syncello
821 777 884 821 suo
896 757 1155 841 archiepiscopo

203 859 398 936 tradidisse,
418 866 454 922 et
474 858 696 922 confirmasse
718 857 898 940 episcopos
922 858 1155 923 consecrandi.

205 959 308 1023 Unde
333 966 368 1022 et
390 977 454 1022 nos
476 957 641 1044 (veritate
660 959 739 1040 ipsa
762 952 916 1040 reperta)
941 958 1156 1022 ordinatione

203 1078 266 1122 seu
290 1058 549 1122 confirmatione
579 1064 699 1121 nostra
727 1056 919 1140 apostolica
948 1057 1155 1123 auctoritate

203 1165 264 1222 'eas
287 1158 339 1222 illi
360 1158 397 1220 in
417 1159 565 1238 integro,
581 1157 672 1220 sicut
693 1156 883 1238 antiquitus
908 1155 1059 1234 suerunt,
1073 1177 1156 1221 con·

205 1259 388 1322 stituentes
414 1251 635 1332 reddidimus,
665 1263 701 1321 et
728 1255 947 1338 privilegium
974 1258 1156 1321 confirma-

206 1357 323 1435 tionis,
342 1356 529 1420 seeundum
559 1375 736 1420 sacrorum
764 1373 934 1419 canonum
962 1356 1155 1435 censuram,

205 1456 360 1522 ecclesiae
376 1475 449 1520 suae
464 1455 717 1520 observandum
730 1455 957 1520 tradidimus!

204 1596 208 1602 -
258 1556 342 1640 590.
366 1554 444 1620 offa
460 1556 602 1633 interea,
625 1575 669 1619 ne
691 1555 756 1618 sibi
771 1555 884 1618 fraudi
898 1555 1011 1620 forent
1023 1555 1108 1618 dure
1122 1554 1158 1618 in
1170 1573 1217 1613 οιι
1231 1571 1319 1612 mune.

204 1656 435 1739 provinciales
459 1655 621 1732 admissa,
649 1654 800 1736 undique
823 1655 951 1719 amicos
975 1674 1074 1736 reges
1098 1675 1157 1719 ve·
1170 1623 1320 1713 lllllhlii

204 1774 309 1832 nnans,
326 1773 513 1838 pacemque
530 1754 731 1831 concilians,
746 1747 938 1818 ²Brithrico
953 1753 1028 1836 regi
1040 1753 1159 1818 West·
1170 1723 1295 1814 lilii?

207 1855 386 1919 Saxonum
408 1854 513 1918 filiam
531 1854 761 1934 Edelburgam
777 1860 922 1935 nuptum
936 1853 1042 1918 dedit.
1083 1853 1159 1918 Ka·

208 1954 319 2018 rolum
348 1973 512 2035 magnum
541 1973 657 2036 regem
688 1953 900 2018 Francorum
923 1953 1159 2036 frequentibus
1171 1973 1212 2014 nn
1228 1973 1295 2023 amn,

208 2055 437 2135 legationibus
461 2053 608 2118 amicum
631 2054 780 2136 paravit,
796 2054 955 2135 quamvis
977 2073 1046 2118 non
1061 2053 1160 2118 facile
1172 2025 1321 2126 liffeim

209 2153 302 2236 quod
316 2155 388 2216 suis
405 2154 537 2218 artibus
558 2154 765 2218 conduceret
779 2154 816 2217 in
833 2153 957 2217 Karoli
970 2153 1085 2217 animo
1107 2154 1161 2217 in-

210 2253 366 2318 venerit:
400 2253 681 2318 discordaverant
703 2259 817 2328 antea,
849 2253 935 2317 adeo
957 2258 997 2316 ut
1025 2253 1161 2334 magnis

211 2354 360 2417 motibus
375 2353 558 2434 utrobique
578 2353 872 2430 concurrentibus,
885 2353 990 2417 etiam
1005 2353 1161 2434 negotia-

211 2459 324 2516 torum
353 2458 564 2517 commeatus
586 2452 859 2535 prohiberentur.
910 2452 974 2516 Est
997 2445 1163 2534 ³epistola

206 2549 344 2629 -Albini,
359 2552 502 2636 hujusce
517 2553 567 2616 rei
581 2552 698 2629 index,
712 2551 812 2634 cujus
826 2558 959 2634 partem
975 2551 1031 2615 hic
1053 2571 1161 2635 appo·

213 2670 305 2728 nam,
330 2651 572 2716 documentum
595 2652 717 2732 ingens
735 2651 1029 2732 magnanimitatis
1044 2659 1079 2714 et
1092 2651 1162 2714 for·

212 2750 370 2814 titudinis
395 2751 530 2828 Karoli,
554 2752 615 2832 qui
641 2769 775 2815 omnem
801 2757 941 2814 aetatem
971 2749 1105 2814 triverit
1125 2750 1162 2813 in

212 2850 312 2914 hellis
327 2858 448 2914 contra
460 2869 617 2933 paganos
632 2850 709 2914 Deo
724 2849 879 2913 rebelles.

251 2949 332 3034 §9L
342 2955 352 2983 ‘
362 2943 546 3032 ⁴Antiqui‚'
556 2950 681 3031 inquit,
692 2955 703 2983 ‘
713 2948 883 3026 Saxones,
897 2955 932 3013 et
946 2965 1064 3013 omnes
1078 2948 1162 3012 Fre·
1176 2965 1277 3013 rasae

213 3067 336 3112 sonum
350 3049 481 3132 populi,
493 3049 646 3113 instante
661 3067 743 3129 rege
754 3048 898 3126 Karolo‚
913 3050 999 3114 alios
1013 3049 1163 3132 praemiis
1175 3017 1306 3116 {bisildu-

214 3154 249 3211 οι
271 3147 357 3213 anos
381 3148 483 3212 minis
505 3149 713 3226 solicitante,
738 3149 781 3212 aa
807 3149 908 3212 finem
929 3148 1059 3213 christi
1076 3119 1212 3242 ,onsi-

206 3249 305 3312 .versi
338 3255 442 3328 sunt,
465 3249 525 3312 sed
551 3267 643 3312 anno
672 3254 850 3312 transacto
869 3248 959 3312 idem
985 3268 1048 3314 rex
1085 3268 1164 3313 cum

206 3347 370 3411 exercitu
389 3347 489 3411 irruit
503 3367 607 3430 super
622 3347 777 3424 SolavOS,
792 3367 919 3430 eosque
941 3348 1077 3428 subegit
1091 3346 1164 3411 suae

209 3447 348 3510 ditioni.
399 3446 547 3524 Avares,
562 3466 649 3530 quos
665 3466 728 3511 nos
742 3446 878 3524 Hunos
891 3447 1048 3523 dicimuS,
1063 3466 1164 3510 exar-

212 3554 336 3611 serunt
363 3546 400 3610 in
430 3547 583 3625 Italiam,
611 3553 658 3624 et,
684 3566 706 3609 a
730 3545 875 3609 ducibus
907 3545 1044 3629 praesati
1072 3536 1165 3627 regis

216 3643 422 3710 Christianis
449 3647 615 3729 superati,
640 3646 780 3711 domum
801 3665 880 3709 cum
903 3645 1089 3728 opprobrio
1111 3663 1165 3708 re·

209 3903 213 3909 ,
251 3862 426 3928 ¹Duodecim.]
443 3863 478 3916 A.
491 3866 520 3915 S.
537 3867 567 3916 G.
585 3867 618 3915 Ε.
630 3868 678 3930 L.;
704 3866 835 3934 (Veterum
852 3871 1024 3933 Epistularum
1047 3870 1167 3920 Hiberni-

215 3935 349 3984 duodecim
359 3936 545 3997 episcoporum,
556 3937 592 3986 D.
603 3938 642 3986 M.
703 3953 789 3987 carum
801 3941 912 4004 Sylloge,
923 3945 973 3990 dte.
986 3941 1071 4002 Paris,
1079 3939 1165 4006 laea)

251 4001 398 4053 2Brutrico
405 4005 460 4066 regi
471 4006 678 4056 mat-Saxonum
703 4010 777 4069 epist.
796 4023 916 4072 xv111.p.
937 4013 977 4071 36,
997 4011 1048 4058 and
1061 4010 1165 4064 Alcuin.

207 4074 292 4139 filiam
303 4074 468 4136 Edelbwgum
476 4080 577 4139 nuptam
588 4072 677 4145 dedit]
703 4079 754 4140 Op.
768 4084 828 4128 tom.
842 4092 860 4129 1.
872 4095 898 4140 p.
911 4083 936 4129 6.
947 4094 988 4140 ep.
1001 4092 1042 4126 111.

214 4145 262 4194 See
273 4147 330 4193 note
340 4141 361 4205 ⁶,
371 4160 398 4205 p.
409 4149 450 4194 59.
482 4174 485 4178 -

209 4233 212 4239 ¹
249 4211 384 4276 ⁸Epirtola
401 4212 511 4279 Albini]
527 4215 581 4264 'l'he
595 4215 678 4264 whole
738 4211 865 4280 ‘Antiqui
876 4217 1008 4282 Sarouon]
1021 4218 1039 4268 i.
1052 4233 1075 4268 e.
1083 4218 1167 4269 West-

215 4283 244 4333 οἰ
252 4283 303 4333 this
310 4285 383 4333 letter
394 4284 417 4333 is
423 4285 524 4345 printed
531 4286 566 4346 by
572 4286 678 4349 Ussher,
701 4285 827 4348 phalians.
