3180 5048
202 488 344 568 mnia]
432 503 545 552 crsrr
570 505 696 552 ancum
721 504 935 552 anctorum.
1088 487 1154 551 275
1238 573 1241 580 ,

132 653 134 656 ’
200 659 291 740 legio
314 659 471 726 inaudita
492 661 613 725 mortis
637 659 861 742 excogitatio.
909 659 981 724 Cur
1002 659 1092 725 enim
1115 680 1152 724 se

201 760 362 835 moriens,
387 767 425 822 ut
443 753 583 842 ¹postea
605 760 770 838 dicemus,
793 760 1055 826 excarnificaret
1076 760 1152 841 ipse

201 860 255 923 sui
281 860 433 941 corporis
452 858 641 923 horrendus
662 861 800 938 lanista,
823 861 889 925 nisi
909 860 990 924 novi
1013 859 1151 926 sceleris

200 960 359 1023 conscius
376 962 490 1025 esset?
538 959 640 1025 Unde
662 961 698 1023 in
715 969 852 1025 vetusto
867 961 1042 1023 volumine
1059 959 1151 1042 quod

200 1059 237 1122 in
264 1078 387 1124 manus
412 1078 507 1122 meas
531 1059 663 1136 incidit,
687 1060 745 1124 ubi
769 1061 921 1124 omnium
944 1059 1151 1141 apostolico-

200 1179 275 1222 rum
298 1159 437 1222 nomina
459 1159 725 1225 continebantur
741 1168 776 1224 et
793 1161 887 1237 anni,
905 1160 956 1222 ita
984 1159 1151 1242 scriptum

200 1258 290 1322 vidi:
316 1251 535 1334 ‘²Silvester,
559 1259 618 1340 qui
644 1265 679 1322 et
702 1256 905 1336 GerbertuS,
932 1277 1042 1322 annos
1067 1278 1149 1340 qua·
1201 1318 1203 1324 .

148 1411 151 1418 .
201 1365 291 1434 tuor,
319 1377 469 1422 mensem
499 1377 617 1442 unum,
644 1357 717 1422 dies
744 1359 883 1424 decem:
919 1356 974 1425 hic
1004 1359 1151 1441 turpiter

160 1531 161 1534 Ἴ
200 1458 309 1521 vitam
324 1477 423 1524 suam
437 1457 573 1524 finivit'
608 1464 610 1467 ’

427 1649 474 1695 DE
497 1647 696 1696 DISCIPULIS
719 1647 911 1694 GERBER'I'I.

245 1752 263 1835 ξ
281 1752 356 1818 168.
374 1753 565 1820 Gerhertus
584 1755 737 1820 Galliam
754 1756 959 1837 repatrians,
976 1754 1149 1837 publicas·

200 1872 266 1934 que
289 1853 425 1918 scholas
448 1855 636 1939 professus,
662 1863 772 1920 artem
800 1854 989 1936 magisterii
1019 1855 1148 1934 attigit.

202 1952 367 2017 Habebat
404 1955 705 2038 conphilosophos,
737 1963 772 2020 et
803 1955 994 2020 studiorum
1026 1954 1149 2030 socios,

201 2052 468 2118 Constantinum
493 2056 652 2119 abbatem
671 2054 871 2120 monasterii
895 2055 1006 2119 sancti
1031 2054 1149 2118 Maxi·

200 2152 295 2229 mini,
311 2154 403 2234 quod
424 2162 478 2219 est
497 2155 603 2239 juxta
620 2153 829 2231 Aurelianis,
852 2154 895 2218 ad
920 2175 1022 2236 quem
1042 2153 1151 2220 edidit

203 2245 359 2334 ³regulas
388 2253 430 2318 de
458 2256 588 2322 abaco:
616 2254 849 2320 Adelboldum
876 2255 1087 2336 episcopum,
1110 2263 1151 2319 ut
1202 2323 1203 2328 ,

201 2351 332 2430 dicunt,
348 2353 687 2436 winteburgensem,
702 2354 762 2437 qui
777 2360 812 2418 et
827 2355 902 2436 ipse
923 2354 1054 2434 ingenii
1076 2373 1149 2416 mo-

201 2452 355 2516 nimenta
384 2453 479 2517 dedit
503 2455 540 2518 in
567 2454 715 2536 epistola
744 2451 963 2535 quemfecit
993 2452 1037 2516 ad
1061 2450 1149 2515 Ger-

201 2551 337 2616 bertum
349 2545 411 2616 4de
427 2555 619 2635 quaestione
631 2551 789 2617 diametri
802 2571 907 2634 super
921 2551 1149 2628 Macrobium,

200 2659 235 2714 et
260 2652 294 2714 in
323 2653 498 2717 nonnullis
521 2654 609 2718 aliis.
657 2652 793 2717 Habuit
814 2651 1002 2734 discipulos
1024 2650 1150 2733 praedi·

200 2751 321 2814 candae
350 2752 477 2818 indolis
509 2760 545 2816 et
573 2754 745 2836 prosapiae
783 2752 919 2828 nobiliS,
958 2751 1150 2814 Robertum

200 2849 309 2913 filium
333 2851 494 2933 Hugonis
517 2860 745 2934 cognomento
769 2851 892 2934 Capet,
911 2850 1060 2914 Otonem
1084 2849 1149 2913 fili·

200 2968 258 3012 um
287 2951 504 3032 imperatoris
532 2951 683 3016 Otonis,
725 2952 913 3028 Robertus,
936 2957 1058 3032 postca
1087 2945 1150 3013 rex

202 3049 372 3128 Franciae,
388 3053 556 3138 magistro
570 3053 681 3116 vicem
696 3051 855 3128 reddidit,
872 3057 907 3114 et
922 3050 1150 3132 archiepisco-

200 3300 504 3362 althoughadisbeliefin
512 3299 554 3350 the
565 3304 663 3362 reporto
690 3314 755 3362 sum,
778 3299 937 3347 desideretur
953 3299 985 3346 de
1002 3301 1071 3346 tento
1088 3299 1150 3359 viro,

199 3370 229 3419 oi
247 3371 330 3432 magio
352 3371 491 3420 attributed
510 3375 536 3418 to
553 3370 663 3420 Gerbert
689 3370 734 3430 qui
745 3384 759 3417 e
772 3367 856 3418 Gallis
872 3369 969 3430 primus
987 3367 1078 3415 summi
1090 3382 1151 3428 pon-

200 3455 229 3490 as
247 3439 289 3488 the
312 3455 398 3489 means
419 3441 455 3501 by
469 3440 555 3489 which
571 3440 603 3488 he
621 3455 663 3488 ac·
688 3439 798 3488 tifieatus
809 3439 908 3498 apicem
918 3436 1046 3485 obtinuit!

200 3509 291 3571 quired
313 3510 356 3559 the
383 3510 462 3571 papal
488 3510 559 3559 chair
582 3510 663 3572 might
725 3501 1149 3574 1Ροεέειιιίὶεεηιιιιι]ς172,ρ.284.

201 3579 265 3629 hare
282 3581 345 3629 been
362 3581 499 3642 expresscd
516 3579 579 3628 with
595 3595 663 3629 more
724 3575 875 3638 2Sitoesrer,
893 3577 936 3641 qui
958 3581 982 3624 et
1007 3575 1150 3636 Gerbertus,

202 3655 319 3712 courtesy
330 3655 355 3700 to
366 3651 409 3699 the
421 3650 521 3712 author,
531 3649 590 3697 who
605 3664 665 3711 may
688 3663 763 3697 aanor
773 3653 884 3710 quatuor,
895 3661 998 3698 mensem
1006 3661 1088 3707 uuum,
1099 3645 1151 3694 dies
1247 3644 1253 3656 “

201 3720 232 3768 be
248 3722 384 3781 presumed
394 3726 420 3769 to
432 3721 496 3769 have
516 3719 590 3768 acted
600 3718 664 3768 from
688 3717 788 3780 decem]
800 3716 834 3767 A.
843 3718 877 3768 D.
890 3719 945 3777 M.;
958 3715 1097 3775 Johannes,
1105 3716 1150 3776 qui

201 3791 319 3838 amotive
331 3791 427 3840 similar
437 3794 463 3838 to
474 3790 529 3839 that
544 3789 664 3851 assigned
689 3794 714 3838 et
720 3788 869 3848 Gerbertus,
875 3800 974 3836 menses
982 3785 1079 3842 decem,
1087 3785 1149 3835 S.C.

201 3857 236 3919 by
247 3859 289 3908 the
300 3861 403 3908 learned
413 3861 587 3924 editorashie
603 3874 665 3920 apo·
691 3860 722 3907 E.
741 3859 773 3907 F.
788 3859 821 3908 G.
834 3858 869 3908 K.
882 3859 914 3908 L.
948 3856 996 3904 See
1015 3859 1073 3904 note
1089 3851 1109 3916 ²,
1123 3870 1149 3915 p.

201 3928 260 3990 logy
277 3929 316 3978 sor
330 3931 469 3992 reprinting
485 3930 569 3978 them:
588 3929 663 3978 ‘Hos
688 3933 746 3978 271.
1144 3990 1146 3994 v

202 3998 339 4061 fabulosos,
346 4004 380 4062 et,
388 4005 417 4048 ut
424 4001 461 4048 ite
472 4001 598 4063 dicamus,
608 3999 664 4048 dia·
724 3995 853 4059 ⁸Regular
864 3995 995 4057 debbora]
1008 3993 1056 4044 See
1067 3996 1124 4042 note
1132 3990 1152 4055 ³,

201 4069 297 4118 bolicos
308 4070 340 4118 de
352 4069 475 4120 Gerberto
492 4083 604 4118 rumores
622 4069 663 4117 hic
688 4083 714 4130 p.
726 4071 784 4116 27³.

200 4139 376 4202 describimus,
398 4156 448 4188 non
470 4144 499 4188 ut
515 4140 615 4202 pondus
631 4139 663 4188 iis
725 4134 786 4185 ⁴De
803 4135 933 4198 questione
949 4132 1064 4204 diametri
1081 4145 1153 4194 super

200 4210 304 4271 aliquod
321 4211 455 4272 addamus,
472 4210 517 4259 sed
534 4213 563 4258 ut
579 4225 596 4258 a
612 4209 662 4258 lec-
691 4205 865 4270 Mucrobium]
884 4205 999 4255 Macrob.
1018 4205 1045 4252 in
1067 4201 1152 4251 Somn.

199 4283 252 4328 tore
266 4279 339 4343 nihil,
362 4282 415 4330 sive
433 4295 520 4330 verum
543 4280 595 4328 sire
612 4278 663 4330 ial-
690 4278 760 4339 Scip.
772 4291 790 4326 1.
803 4280 843 4326 20.

572 4357 575 4364 ’
677 4377 679 4384 ·
965 4356 1029 4408 'r2
