3180 5048
429 446 495 520 260
655 471 768 520 essm
792 473 919 522 aneon
942 473 1155 522 Anononun.
1236 457 1323 539 [nin.
1341 476 1381 522 11.

432 626 526 690 lebat
560 625 752 692 alacritate
770 628 941 692 eveheret.
1008 627 1139 692 Caseus
1171 628 1272 692 labor
1300 625 1390 691 cona
1446 691 1448 694 ,
1569 617 1570 710 J

433 725 593 802 sumitur,
630 720 765 791 mutato
796 747 932 809 quoque
960 726 1121 810 jumento
1156 747 1257 791 casus
1290 727 1381 791 idem

435 826 610 906 sequitur3
642 827 828 903 intellexit,
852 827 934 890 licet
958 827 1069 904 tarde,
1091 828 1230 890 brutum
1260 834 1383 909 pectus

436 929 505 1006 quo
522 932 720 1007 portentum
735 926 821 989 illud
835 927 1041 1008 respiceret:
1064 933 1276 1008 quapropter
1289 925 1388 1008 quod

436 1017 608 1105 ¹ipsanon
626 1026 751 1088 meruit
763 1045 826 1107 per
836 1025 942 1088 alium
956 1025 1030 1088 fieri
1041 1026 1227 1089 consensit.
1272 1025 1307 1088 N
1309 1045 1390 1088 em·-

254 1146 266 1161 ·
380 1206 382 1210 y
435 1141 503 1204 que
528 1123 676 1188 Elserius
701 1124 760 1188 ille
778 1143 878 1205 quem
904 1142 1011 1206 supra
1031 1124 1170 1207 culpavi
1191 1124 1285 1207 quod
1308 1143 1393 1187 mo·-

437 1224 589 1287 nasteria
612 1223 854 1300 destruxisset,
870 1224 1075 1287 temeritatis
1098 1223 1271 1306 poenitens
1296 1223 1384 1286 mul-

274 1337 385 1378 anam
438 1329 542 1404 toque
562 1323 691 1404 gemitu
714 1324 865 1387 animum
889 1341 1033 1404 angens,
1057 1342 1157 1387 sacro
1180 1323 1316 1404 corpori
1341 1322 1384 1386 de

438 1422 582 1502 ignobili
606 1422 683 1486 loco
714 1423 830 1488 levato
856 1421 972 1504 justas
1000 1429 1036 1487 et
1061 1423 1220 1504 egregias
1244 1420 1384 1484 inferias

438 1521 531 1602 apud
554 1521 798 1602 Scepbtoniam
814 1515 934 1600 solvit3
952 1541 1021 1585 non
1038 1517 1154 1585 tamen
1177 1515 1308 1602 effugit,
1324 1520 1382 1583 sed

438 1627 520 1701 post
554 1640 682 1684 annum
712 1622 887 1686 vermibus
916 1640 1003 1702 quos
1033 1621 1211 1702 pediculos
1241 1620 1385 1684 dicimus

438 1727 662 1802 consumptus
680 1728 744 1784 est.
764 1763 767 1766 -
797 1721 844 1785 Et
857 1721 1019 1801 quoniam
1039 1721 1174 1784 animus
1195 1717 1385 1801 indiscipli-

436 1826 541 1883 natus
563 1821 638 1902 ipse
664 1820 730 1882 sibi
754 1808 963 1883 tormentum
992 1826 1057 1896 est,
1083 1820 1281 1901 patiturque
1304 1819 1384 1882 suos

438 1917 542 1980 etiam
573 1919 628 1982 bic
658 1939 755 1982 mens
786 1919 893 1982 anxia
928 1938 1059 1996 manee,
1083 1917 1223 1982 'Elfrida
1253 1917 1296 1980 de
1325 1917 1395 1982 illo.

438 2016 549 2098 regali
580 2019 763 2100 supercilio
798 2017 965 2081 inclinata
993 2018 1066 2081 dire
1095 2017 1269 2100 poenituit,
1299 2016 1386 2080 adeo

439 2122 478 2178 ut
507 2115 625 2180 multis
654 2118 755 2180 annis
786 2118 878 2199 apud
904 2113 1149 2182 Warewellam
1180 2135 1317 2180 carnem
1350 2115 1386 2178 in

439 2213 570 2282 deliciis
606 2217 773 2280 nutritam
814 2216 924 2280 cilicio
964 2217 1197 2293 convolveret,
1226 2216 1385 2288 noctibus

439 2314 514 2378 solo
529 2320 640 2378 strata
654 2317 728 2380 sine
744 2315 904 2380 cervicali
918 2335 1076 2380 somnum
1090 2315 1254 2391 hauriret,
1269 2333 1387 2378 cruces

439 2420 609 2496 praeterea
645 2435 867 2498 quascunque
893 2421 1011 2497 posset
1041 2415 1176 2497 corpori
1210 2413 1387 2478 commini-

440 2532 539 2576 scens
551 2521 563 2593 ;'
594 2515 751 2596 speciosa
781 2515 903 2578 mulier
929 2521 964 2578 et
988 2513 1130 2596 pulchre
1155 2512 1231 2578 viro
1260 2512 1387 2589 sobria,

340 2647 343 2653 ·
440 2612 501 2676 sed
529 2614 612 2695 quia
643 2621 776 2679 tantum
808 2613 905 2677 nefas
935 2613 1106 2677 commisit
1135 2619 1240 2695 poena
1269 2612 1387 2694 digna.

436 2711 688 2795 creditumque
712 2721 747 2777 et
762 2713 941 2778 celebriter
954 2713 1147 2794 vulgatum,
1163 2711 1266 2795 quod,
1282 2731 1397 2794 prop-v

441 2798 593 2894 terejus
616 2813 652 2875 in
676 2798 886 2877 Edwardum
910 2811 1141 2889 insolentiam,
1170 2812 1280 2874 multo
1309 2817 1388 2893 post

441 2901 594 2992 tempore
613 2918 689 2975 tota
704 2911 819 2994 patria
841 2911 1043 2976 servitutem
1065 2910 1389 2978 infremuissetbar·

438 3009 602 3073 baricam.

493 3108 511 3191 §
543 3107 617 3172 163.
656 3105 758 3171 Certe
791 3109 883 3190 apud
923 3109 1134 3174 Sceftoniam
1172 3109 1388 3193 splendidum

439 3207 546 3288 'regiae
574 3207 815 3271 sanctitudinis
850 3208 1044 3291 refulgurat
1071 3209 1269 3292 speculum3
1302 3228 1388 3292 quo-

442 3305 536 3370 niam
549 3307 642 3371 illius
657 3307 788 3371 meritis
802 3299 990 3390 deputatur
1004 3309 1095 3391 quod
1112 3328 1153 3372 eo
1167 3309 1235 3373 loci
1259 3309 1388 3372 multus

441 3406 644 3471 devotarum
660 3408 737 3472 Deo
752 3406 970 3471 foeminarum
992 3409 1129 3485 chorus,
1155 3408 1313 3473 claritate
1336 3427 1389 3470 re·

441 3504 581 3588 ligionis
609 3513 719 3570 terras
741 3507 827 3570 istas
858 3507 1039 3585 irradians
1073 3509 1178 3572 etiam
1207 3509 1283 3591 ipsa
1312 3526 1389 3589 per-

441 3605 583 3688 stringit
595 3595 724 3669 sidera.
778 3605 856 3668 Illic
881 3626 990 3670 sacrae
1004 3607 1155 3689 virgines
1178 3607 1306 3671 nullius
1329 3625 1388 3688 pe·

441 3704 547 3770 nitus.
562 3705 766 3786 corruptelae
796 3706 956 3783 consciae,
983 3706 1054 3769 illic
1083 3707 1254 3790 religiosae
1279 3707 1390 3770 conti-

442 3809 563 3866 nentes
593 3811 683 3885 post„
703 3803 804 3885 primi
835 3803 926 3868 thori
949 3804 1100 3889 dampna
1129 3806 1270 3870 secundi
1299 3804 1390 3885 ignis

440 3901 592 3982 nesoiaer
615 3903 811 3984 inquorum
836 3893 988 3968 omnium
1012 3905 1163 3969 moribus
1185 3903 1236 3968 ita
1258 3903 1391 3967 facetus

441 4001 553 4083 pudor
567 4021 644 4065 cum
665 4021 785 4066 severa
808 4004 980 4068 consentit
994 4003 1179 4086 elegantia,
1195 4002 1287 4087 quod
1303 4002 1388 4067 nibil

659 4231 668 4263 ¹
687 4229 766 4302 Ipsa]
781 4236 810 4285 C.
823 4237 858 4286 D.
870 4237 920 4298 E.;
937 4251 983 4299 per
1000 4253 1036 4301 se,
1048 4237 1082 4289 A.
1095 4239 1124 4290 S.
1136 4239 1167 4291 L.
1181 4225 1184 4230 ¹
