3150 5046
194 489 337 584 muru]
413 503 527 552 erere
551 499 678 550 arcun
706 501 918 584 suenorum.
1079 483 1146 550 000
1249 479 1251 485 ’

196 662 389 728 concedens
412 658 592 724 Merciam.
646 656 727 722 Nec'
745 657 854 722 multo
871 655 966 740 post,
985 651 1038 724 ¹in
1057 657 1146 721 sesto
1161 682 1263 724 aanor

198 762 312 830 sancti
338 758 501 834 Andreae,
532 757 732 838 ambiguum
754 777 824 840 quo
846 776 930 823 casu
960 758 1147 835 extinctus,
1161 731 1275 828 iiiiii?

199 861 393 926 Glestoniae
412 859 520 942 juxta
541 856 719 938 Edgarum
741 876 845 922 avum
869 877 970 921 suum
992 857 1150 940 sepultus
1163 831 1284 944 ΛΜΨ

197 967 264 1026 est.
318 959 428 1024 Fama
444 957 607 1022 Edricum
628 955 786 1034 infamat,
809 956 901 1039 quod
921 955 1040 1021 favore
1063 957 1151 1020 elte-

200 1052 273 1126 rius
288 1065 434 1123 mortem
457 1057 490 1120 ei
510 1075 573 1137 per
594 1055 770 1120 ministros
786 1057 1014 1138 porrexerit..
1045 1054 1151 1120 Cubi·

201 1159 351 1223 cularios
376 1155 469 1238 regis
487 1155 594 1220 firisse
617 1153 717 1231 duos,
741 1155 867 1237 quibus
893 1174 1028 1219 omnem
1044 1155 1152 1218 vitam

201 1277 299 1324 suam
317 1255 555 1322 commiserat:
579 1273 666 1335 quos
683 1253 992 1337 pollicitationibus
1006 1254 1152 1331 illectos,

202 1364 238 1424 et
254 1357 365 1440 primo
386 1353 637 1420 immanitatem
659 1351 784 1435 flagitii
806 1353 1041 1430 exhorrentes,
1056 1354 1153 1418 brevi

200 1457 388 1539 complices
410 1473 493 1520 suos
517 1453 680 1519 effecisse.
726 1451 813 1535 Ejus
839 1453 983 1517 consilio
1006 1453 1154 1516 ferreum

204 1575 343 1632 uncum,
365 1553 409 1619 ad
425 1560 559 1618 naturae
576 1551 747 1634 requisita
760 1552 905 1630 sedenti,
921 1553 957 1615 in
972 1551 1057 1615 locis
1072 1571 1154 1636 pos·

202 1655 389 1720 -terioribus
411 1652 581 1733 adegisse.
632 1645 777 1714 ²Frater
798 1651 875 1734 ejus
895 1670 941 1714 ex
954 1645 1065 1714 matre
1084 1651 1154 1714 Ed-

205 1754 305 1830 wius,
322 1772 391 1818 nou
409 1749 637 1834 aspernandae
659 1750 843 1833 probitatis
866 1750 1080 1828 adolescens,
1093 1770 1156 1832 per

207 1853 416 1936 proditorem
439 1850 615 1926 Edricum,
646 1847 788 1930 Anglia,
806 1849 952 1933 jubente
984 1848 1156 1927 Cnutone,

208 1953 332 2016 cessit:
357 1950 418 2018 diu
439 1950 541 2014 terris
554 1950 710 2033 jactatus
736 1955 771 2016 et
793 1949 877 2026 alto,
900 1967 1029 2030 angore
1051 1949 1157 2014 enimi
1235 1973 1237 1978 ·

209 2057 249 2116 ut
274 2051 314 2115 fit
340 2069 465 2132 corpus
484 2049 645 2125 iniectus,
670 2047 752 2111 dum
774 2047 904 2112 furtivo
927 2047 1042 2112 reditu
1064 2048 1158 2132 apud

209 2147 345 2232 Anglos
378 2148 560 2224 delitescit,
588 2147 800 2228 defungitur,
822 2153 859 2212 et
879 2148 972 2230 apud
994 2147 1158 2214 Tavisto·

208 2247 516 2315 kiumtumulatur.
540 2239 1159 2330 ³Filiiejus⁴Edwiuset⁵Edwardus‚

209 2349 306 2416 missi
330 2348 374 2414 ad
396 2367 513 2428 regem
535 2346 735 2412 Swevorum
756 2352 797 2409 ut
818 2347 1078 2428 perimerentur,
1100 2347 1160 2411 sed

210 2447 429 2511 miseratione
444 2446 520 2530 ejus
537 2445 746 2521 conservati,
761 2443 948 2508 Hunorum
962 2465 1079 2526 regem
1099 2466 1159 2528 pen

212 2547 362 2626 tierunt;
386 2545 457 2622 ubi,
472 2545 554 2610 dum
576 2545 725 2626 benigue
742 2544 859 2627 aliquo
875 2552 1029 2626 tempore
1051 2545 1161 2609 habiti

211 2653 338 2722 essent,
353 2644 466 2730 major
482 2645 572 2712 diem
596 2644 694 2721 obiit,
710 2644 823 2708 minor
839 2641 1017 2726 Agatham
1031 2645 1161 2725 reginae

209 2765 362 2813 sororem
388 2745 425 2808 in
453 2744 709 2809 matrimonium
735 2744 881 2825 accepit.
932 2737 1094 2808 ⁶Fratres
1116 2761 1162 2808 ex

250 3017 677 3081 ¹Infestosonctidndreoe,ombi·
701 3019 776 3068 order
798 3019 827 3067 oi
850 3019 926 3072 Cnut.
973 3017 1047 3085 (Sar.
1070 3017 1164 3070 Chron.

213 3106 291 3154 guum
312 3104 357 3152 quo
376 3082 599 3156 corastinum]
621 3088 675 3136 The
700 3089 768 3138 Flora
775 3085 902 3153 wigorn.)

213 3167 270 3212 true
278 3160 475 3211 circumstances
485 3157 514 3206 oi
519 3158 677 3208 Eadmund's
736 3155 747 3188 ⁸
758 3157 908 3221 Fidicina]
919 3158 939 3210 i.
950 3173 973 3209 e.
984 3158 1014 3208 oi
1028 3157 1164 3208 Eadmund

215 3230 292 3280 death
303 3244 345 3281 are
357 3228 475 3277 involved
488 3227 514 3274 in
530 3227 676 3290 obscurity;
701 3227 829 3278 Ironside.

214 3301 262 3350 but
272 3299 342 3348 there
359 3311 440 3347 seeum
456 3297 521 3345 little
533 3298 613 3346 doubt
622 3296 678 3345 that
737 3294 747 3323 ⁴
765 3291 907 3416 Eclectus}l
922 3298 970 3346 We
993 3297 1085 3348 should
1106 3313 1164 3360 pro·

216 3370 315 3418 hewas
332 3365 504 3417 meresinated
520 3368 548 3414 in
562 3366 606 3416 the
616 3380 678 3425 year
702 3365 780 3426 bably
801 3366 863 3415 read
907 3381 950 3415 ere
977 3363 1164 3416 ‘Edmundus‘

220 3442 294 3488 1017.
349 3437 470 3486 Florence
492 3434 521 3484 ot
536 3437 679 3486 Worcester
703 3435 839 3484 Eadmund
857 3435 908 3484 aud
920 3436 1167 3499 redundasset

219 3509 270 3557 and
289 3506 331 3559 the
350 3505 435 3555 Saron
454 3505 588 3555 Chroniele
606 3505 678 3568 place
704 3505 840 3554 Eadmund
851 3505 975 3567 Ironside,
986 3521 1052 3556 were
1065 3507 1165 3567 sentby

219 3577 260 3627 his
278 3575 355 3626 death
374 3590 406 3626 on
423 3574 467 3623 the
487 3575 546 3624 soth
564 3575 593 3624 oi
612 3575 679 3624 Nov.
704 3575 773 3624 Cuut
794 3578 820 3622 to
847 3573 889 3623 the
916 3574 980 3636 king
1001 3575 1030 3625 of
1048 3576 1165 3626 Sweden.

218 3651 292 3698 1010.
328 3645 459 3708 Florence,
473 3644 600 3708 however,
616 3645 680 3694 adds
704 3643 784 3710 (llor.
795 3644 910 3705 wigorn.
921 3643 992 3696 A.D.
1004 3641 1092 3710 1017.)

218 3717 261 3766 the
272 3729 334 3778 year
351 3714 381 3764 ot'
394 3714 436 3763 the
454 3714 585 3775 indiction,
595 3714 680 3763 which
740 3710 926 3778 'Edwardusd
951 3714 1081 3766 Eadward
1097 3727 1165 3772 ruter-¹

218 3785 385 3848 cor-responde
395 3783 459 3834 with
470 3784 540 3835 Am.
553 3788 625 3834 1017.
705 3783 760 3832 ried
768 3782 880 3846 Agatha,
888 3784 939 3832 and
947 3785 981 3846 by
988 3784 1167 3834 herhadissue

706 3852 810 3916 Esdgar
827 3853 1136 3917 Aetheling,Ch1-istiaus
1152 3866 1169 3901 a

255 3921 366 3972 'Frater
371 3921 423 3984 ejus
433 3937 465 3971 ex
471 3927 549 3970 matre
557 3920 682 3985 Belmina]
707 3938 768 3985 nun,
779 3922 830 3972 and
842 3923 975 3985 Margaret
984 3925 1043 3974 who
1059 3921 1169 3974 married

221 3994 315 4042 Eadwi
333 3993 376 4041 the
393 3992 494 4041 brother
504 3992 534 4040 oi
547 3991 683 4040 Eadmuud
708 3991 906 4054 Maleelmlring
917 3992 946 4041 ol
954 3993 1082 4044 Sarrano.

221 4062 347 4124 irenside,
363 4061 413 4110 and
430 4061 522 4110 Eadwi
533 4060 617 4109 called
634 4060 684 4109 Ce-
743 4058 875 4110 “Fratres
896 4076 928 4110 ex
951 4063 1064 4125 Emm]
1090 4062 1171 4110 ‘Erat

221 4133 275 4182 orla
283 4133 386 4194 cyning,
394 4129 550 4196 (kingoithe
558 4126 684 4193 Olowus,)
709 4128 757 4180 iste
781 4131 933 4180 Edmundus
954 4146 1004 4180 non
1025 4147 1058 4181 ex
1081 4131 1171 4179 aalma

222 4217 289 4251 were
300 4199 429 4250 outlawed
437 4199 508 4249 Am.
521 4202 595 4249 1017.
631 4200 685 4250 The
709 4201 803 4263 natus,'
815 4201 861 4252 &a
897 4201 946 4250 See
957 4202 1064 4265 anteat>
1075 4204 1134 4262 170,
1144 4215 1170 4262 p.

222 4271 315 4320 former
329 4283 385 4319 was
402 4269 552 4320 afterwards
569 4269 634 4318 slain
651 4271 686 4330 by
710 4273 768 4320 298.
