3150 5046
425 501 491 566 350
650 516 764 564 casm
788 515 915 564 nnouu
939 515 1151 566 suenonon.
1232 499 1319 582 [ma.
1336 513 1378 563 11.

427 671 667 736 conciliabula.
719 672 757 736 Si
773 673 977 749 renuissem,
994 690 1099 754 quam
1115 672 1378 736 excusationem

428 772 505 835 Deo
532 771 700 848 afferrem,
717 792 794 835 cum
810 773 998 854 imperator
1019 790 1100 834 suas
1122 771 1158 834 in
1183 791 1238 834 me
1258 779 1378 853 partes

427 871 636 935 refudisset?
660 872 825 936 Viderem
839 872 968 935 caedem
985 870 1124 948 civium,
1137 870 1301 934 damnum
1315 891 1376 952 pe·

428 971 655 1051 regrinorum,
682 978 718 1035 et
745 971 991 1035 dormitareml
1043 968 1154 1053 Atqui
1177 970 1236 1053 qui
1265 971 1379 1052 parcit

427 1070 568 1147 latroni,
594 1070 720 1135 occidit
740 1071 971 1134 innocentem.
1013 1069 1081 1132 Sed
1103 1070 1286 1153 objicietur
1307 1089 1378 1132 non

429 1187 506 1232 esse
527 1168 717 1233 sacerdotis
739 1176 780 1233 ut
803 1189 842 1233 se
858 1170 953 1233 ccede
971 1168 1155 1252 cujuslibet
1168 1169 1379 1246 immaculet,

430 1273 466 1332 ct
479 1288 544 1349 ego
559 1269 729 1333 concedo:
749 1263 803 1333 ¹at
817 1269 876 1332 ille
892 1287 930 1332 se
947 1289 1015 1333 non
1031 1269 1191 1351 inquinat
1206 1268 1278 1351 qui,
1295 1287 1378 1333 son·

430 1373 501 1430 tem
531 1387 702 1450 premens,
725 1369 897 1434 insontem
926 1367 1070 1448 liberat3
1092 1369 1174 1444 imo,
1202 1387 1285 1431 vero
1307 1369 1378 1431 imo

430 1467 537 1543 beati,
564 1469 623 1551 qui
648 1467 847 1531 custodiunt
866 1467 1037 1552 judicium
1059 1474 1095 1531 et
1118 1467 1252 1531 faciunt
1272 1466 1380 1550 justi-

431 1566 516 1630 tiam
533 1567 677 1631 inomni
699 1574 865 1649 tempore.
917 1566 1122 1631 Sacerdotes
1138 1565 1290 1642 fuerunt,
1304 1585 1378 1629 am·

432 1666 588 1748 plissima
624 1667 728 1730 laude
757 1667 893 1742 famosi,
924 1667 1049 1729 Finces
1082 1673 1118 1729 et
1147 1665 1377 1742 Mathathias,

433 1767 534 1828 ambo
556 1785 658 1830 sacra
680 1767 771 1830 tiara
787 1765 936 1829 frontem
951 1763 1121 1846 insigniti,
1146 1765 1248 1828 ambo
1263 1784 1378 1828 sacer·

432 1862 606 1928 dotalibus
636 1865 737 1929 stolis
769 1864 898 1942 amicti,
928 1865 1029 1928 ambo
1056 1871 1172 1928 tamen
1204 1865 1241 1928 in
1267 1863 1378 1927 delin-

432 1971 578 2044 quentes
603 1983 707 2028 manu
736 1964 803 2029 ulti
830 1971 922 2028 sunt.
973 1956 1088 2027 ²Alter
1110 1982 1275 2027 venereos
1305 1981 1379 2026 am-

427 2062 556 2145 plexus
577 2064 728 2145 pugione
750 2063 921 2128 confodit:
945 2063 1034 2126 alter
1057 2063 1293 2126 immolantem
1314 2063 1379 2125 im·

432 2162 605 2226 molatitio
620 2163 734 2226 cruori
749 2163 975 2226 commiscuit.
1027 2162 1065 2224 Si
1081 2161 1159 2244 ipsi,
1175 2163 1277 2244 quasi
1292 2163 1379 2243 spis-

433 2279 491 2324 sas
506 2260 594 2340 legis
610 2261 771 2325 tenebras
784 2263 982 2344 palpantes,
997 2280 1060 2343 pro
1081 2262 1167 2343 ipsis
1180 2261 1382 2324 umbraticis

434 2359 609 2442 mysteriis
634 2361 708 2423 zelo
733 2361 851 2425 divino
877 2361 1010 2424 efferati
1034 2368 1127 2437 sunt,
1156 2379 1232 2438 nos,
1261 2366 1383 2442 aperta

434 2458 549 2523 fronte
563 2458 745 2524 veritatem
760 2459 975 2536 contuentes
991 2460 1163 2541 patiemur
1177 2479 1278 2524 sacra
1299 2478 1378 2522 nos·

434 2566 490 2622 tra
504 2558 740 2640 prophanari?
773 2554 931 2623 ³Azarias
949 2559 1109 2622 sacerdos
1125 2578 1241 2640 regem
1260 2558 1381 2621 Oziam

434 2657 688 2722 thurificantem
706 2658 861 2742 expulit;
885 2665 921 2722 et
943 2657 1170 2739 proculdubio
1193 2649 1262 2722 non
1285 2658 1384 2720 dubi·

434 2765 545 2821 tasset
583 2758 751 2835 occidere,
788 2757 854 2820 nisi
891 2757 949 2820 ille
986 2757 1213 2821 accelerasset
1249 2757 1382 2820 cedere.

436 2855 613 2921 Praevenit
638 2857 869 2939 episcopalem
893 2875 1032 2918 manum
1060 2857 1165 2938 plaga
1190 2856 1383 2933 divinant

435 2955 534 3038 lepra
556 2956 800 3037 depasceretur
823 2957 917 3019 illius
943 2955 1091 3019 cadaver
1117 2956 1216 3039 quus
1247 2957 1383 3019 animus

436 3054 634 3118 anhelasset
647 3054 777 3117 illicita.
831 3056 1029 3119 Deturbata
1042 3054 1109 3118 suit
1124 3056 1216 3136 regis
1232 3053 1383 3130 devotio,

437 3160 472 3216 et
496 3172 566 3216 non
590 3152 831 3231 deturbabitur
859 3154 1004 3218 latronis
1034 3153 1201 3218 ambitiol
1254 3153 1385 3217 Parum

437 3251 597 3333 estquod
615 3270 757 3329 excuso,
772 3255 802 3316 si
817 3271 888 3316 non
901 3259 936 3316 et
953 3252 1090 3316 laudem
1106 3253 1236 3316 factum
1258 3271 1383 3315 meum.

437 3351 580 3416 Contuli
605 3353 695 3415 enim
717 3351 786 3415 illis
804 3352 1007 3415 beneficium
1024 3353 1150 3433 quibus
1164 3353 1285 3416 videor
1303 3371 1386 3416 con-

437 3450 558 3515 tulisse
576 3453 732 3528 exitium,
754 3471 895 3533 poenam
918 3450 1027 3514 minui
1043 3452 1103 3534 qui
1122 3457 1268 3515 mortem
1288 3469 1386 3514 acce·

437 3549 557 3614 leravi.
618 3551 815 3614 Sceleratus
841 3551 943 3626 enim,
973 3558 1105 3632 quanto
1138 3550 1218 3632 plns
1247 3550 1387 3626 vixerit,

437 3655 537 3713 tanto
548 3649 626 3730 plus
640 3651 819 3732 peccabit3
837 3649 905 3713 nisi
918 3649 1008 3713 forte
1018 3642 1158 3731 4aliquis
1172 3668 1274 3731 quem
1291 3649 1388 3712 Deus

475 3927 532 3977 ¹At
548 3929 590 3978 ille
607 3945 633 3978 sc
650 3944 697 3977 noa
713 3927 848 3991 inquiant]
865 3927 900 3976 D.
926 3927 959 3976 E.
982 3927 1032 3986 L.;
1053 3931 1080 3975 at
1099 3925 1238 3975 Zacharias
1261 3923 1389 3984 sacerdos,

440 4001 491 4059 Ε.;
504 4000 526 4048 si
537 3999 580 4047 ille
592 4014 619 4048 se
630 4000 755 4059 inquinat,
763 3996 797 4046 A.
806 3997 901 4046 ΒΜ.
928 3997 950 4045 G
964 3999 1007 4055 23
1029 4001 1056 4045 at
1074 3995 1213 4044 Zacharias
1236 3993 1389 4055 sacerdotes,

475 4066 569 4118 2Alter
654 4066 825 4129 commiscuit]
853 4067 902 4116 See
928 4067 989 4115 01.
1025 4063 1086 4130 (See
1108 4069 1124 4114 a
1146 4064 1239 4114 Chron.
1265 4078 1289 4113 c.
1316 4076 1389 4113 xxvr.

440 4139 546 4200 Joseph.
558 4138 646 4199 Antiq.
658 4137 722 4187 Jud.
738 4137 783 4186 lib.
797 4149 832 4186 ιν.
844 4151 867 4185 c.
877 4140 902 4197 6,
928 4133 1051 4199 16-21.)

440 4208 454 4269 t
467 4212 506 4268 12,
518 4207 568 4257 and
578 4209 623 4258 lib.
637 4220 685 4257 xu.
698 4222 721 4257 c.
734 4211 759 4267 6,
770 4207 784 4268 §
794 4211 819 4255 2.
961 4202 1104 4266 ⁴Aliquts.]
1124 4205 1154 4254 G.
1167 4203 1201 4253 D.
1214 4205 1248 4254 E.
1260 4218 1268 4263 ;
1285 4200 1389 4250 omitted

475 4275 603 4326 ³Azarics
621 4271 752 4343 merdae]
771 4275 804 4326 Α.
823 4276 852 4325 S.
865 4276 901 4326 D.
926 4274 1084 4324 innan.
