3150 5046
426 487 495 554 348
647 504 760 553 essm
783 503 911 552 aucun
934 504 1150 553 iuononuu.
1234 489 1321 572 [cir.
1337 504 1379 552 11:

426 662 485 725 bet
506 661 711 738 examinari,
736 667 777 724 ut
798 679 839 724 eo
855 668 978 742 vergat
992 660 1078 724 facti
1096 659 1266 743 judicium
1285 659 1378 723 unde

426 761 596 843 processit
629 761 776 826 faciendi
809 760 1025 824 consilium.''
1092 759 1212 824 Fallor
1242 760 1272 822 si
1305 779 1377 824 non

427 860 518 924 idem
532 860 675 924 Veritas
698 860 794 935 dicit,
815 859 886 922 “Si
914 859 1033 924 oculus
1058 866 1140 922 tuus
1163 858 1267 923 fuerit
1293 859 1376 922 sim-

425 959 522 1042 plex,
545 967 657 1023 totum
681 977 806 1041 corpus
823 965 929 1024 tuum
953 959 1107 1022 lucidum
1129 959 1215 1038 erit;
1239 960 1376 1022 sivero

426 1078 575 1141 nequam
598 1057 714 1136 fuerit,
738 1065 850 1122 totum
880 1077 1004 1140 corpus
1027 1065 1128 1122 tuum
1154 1059 1376 1121 tenebrosum

426 1158 527 1223 erit.'’
579 1151 727 1222 ¹Crebro
753 1177 808 1220 me
831 1156 1036 1221 miserabilis
1058 1157 1220 1221 convenit
1243 1175 1375 1238 egenus

426 1264 466 1321 ut
480 1257 556 1341 ejus
572 1257 723 1321 levarem
740 1257 913 1339 inopiam3
931 1275 1009 1338 ego,
1023 1255 1216 1320 futurorum
1231 1255 1374 1334 inscius,

426 1377 496 1421 non
520 1357 637 1435 abnui,
660 1357 721 1420 sed
745 1356 891 1421 diversis
920 1356 1067 1420 monetis
1092 1361 1293 1419 onustatum
1321 1357 1374 1420 di-

425 1455 516 1520 misi.
567 1455 759 1520 Discedens
774 1456 833 1520 ille
850 1455 887 1518 in
902 1454 1040 1537 publico
1059 1474 1186 1538 aggere
1201 1455 1373 1520 latronem

425 1556 588 1635 offendit3
614 1557 776 1620 incautus
801 1573 878 1618 cum
905 1574 946 1618 eo
971 1572 1165 1618 sermonem
1185 1556 1373 1632 conseruit,

297 1724 302 1730 ,
425 1656 618 1737 praedicans
644 1656 735 1719 sedis
757 1653 957 1737 apostolicae
977 1653 1241 1734 indulgentiam,
1263 1661 1310 1731 et,
1331 1661 1373 1718 ut

425 1755 528 1818 fidem
559 1755 730 1819 dictorum
763 1754 938 1838 probaret,
972 1754 1184 1836 marsupium
1213 1753 1372 1835 protulit.

427 1853 572 1918 Interim
598 1854 784 1930 domitur,
811 1852 988 1936 multaque
1015 1852 1293 1917 confabulatione
1314 1853 1374 1917 via

425 1953 569 2031 fallitur,
584 1953 724 2018 dolosus
749 1953 821 2031 ille,
833 1952 1011 2036 paulisper
1029 1959 1233 2030 remoratus
1251 1960 1372 2034 caput·

426 2073 494 2135 que
517 2053 691 2136 peregrini
714 2053 814 2117 clava
837 2070 942 2135 quam
963 2051 1095 2115 serebat
1118 2050 1287 2133 affligens¹
1309 2072 1372 2116 nec

425 2171 523 2215 mora
549 2151 721 2231 extinxit3
752 2151 993 2234 subreptisque
1015 2150 1176 2228 denariis,
1202 2150 1371 2231 gloriatus

425 2257 479 2314 est
501 2251 544 2315 de
566 2251 752 2315 homicidio
778 2251 871 2332 quod
893 2257 1114 2333 persuaserat
1132 2250 1288 2333 pecuniae
1311 2270 1372 2314 cu-.

423 2349 517 2431 pido.
568 2343 751 2434 ²Nunquid
773 2370 856 2432 ergo
876 2355 932 2413 rn'e
953 2350 1034 2413 inde
1051 2357 1144 2414 recte
1157 2348 1373 2432 judicabitis

423 2450 483 2531 qui
505 2451 688 2532 peregrino
710 2450 869 2515 dederam
889 2447 980 2513 unde
1010 2468 1150 2513 causam
1175 2450 1296 2513 mortis
1317 2449 1372 2513 in·

426 2552 605 2614 curreretl
659 2549 784 2632 Neque
803 2550 894 2612 enim
909 2548 980 2626 ille,
996 2548 1154 2630 quamvis
1176 2547 1372 2612 crudelissi-

425 2667 515 2726 muS,
541 2649 714 2713 hominem
747 2648 975 2730 pessundaret
1004 2647 1072 2710 nisi
1100 2647 1211 2710 avidis
1238 2648 1371 2712 sinibus

424 2767 582 2813 nummos
605 2748 765 2812 infarcire
788 2755 954 2830 speraret.
1006 2745 1101 2824 Quid
1124 2746 1235 2811 dicam
1256 2746 1298 2812 de
1320 2748 1371 2811 le·

424 2847 525 2928 gibus
539 2847 732 2912 forensibus
746 2855 781 2911 et
797 2845 1063 2912 ecclesiasticisl
1116 2845 1243 2911 Nonne
1262 2845 1298 2909 in
1321 2847 1371 2910 eis

309 3019 313 3023 q
424 2955 531 3010 tinum
554 2947 713 3029 idemque
731 2945 872 3024 factum,
895 2945 1030 3011 diverso
1052 2954 1223 3028 respectu,
1248 2953 1284 3010 et
1305 2965 1370 3028 pu-

425 3046 520 3109 nit'ur
550 3053 587 3109 et
607 3046 795 3109 laudaturi
818 3045 1104 3109 animadvertitur
1131 3045 1168 3109 in
1198 3045 1370 3110 latronem

422 3143 515 3225 quod
536 3145 699 3209 occiderit
719 3144 893 3208 hominem
915 3145 951 3207 in
974 3143 1122 3221 occulto,
1145 3146 1312 3227 probatur
1332 3145 1369 3208 in

423 3243 532 3307 milite
560 3245 590 3307 si
621 3244 748 3309 fuderit
770 3244 906 3308 hostem
935 3244 972 3306 in
1001 3244 1114 3323 bello;
1147 3244 1199 3308 ita
1227 3243 1369 3308 homici-

422 3342 517 3407 dium
540 3344 633 3407 etin
654 3345 716 3408 illo
739 3342 966 3426 vituperabile
990 3349 1025 3406 et
1046 3343 1082 3406 in
1105 3343 1173 3406 isto
1195 3343 1369 3406 laudabile

422 3450 594 3520 censetur,
603 3445 684 3525 quia
700 3444 766 3506 iste
779 3463 842 3526 pro
858 3443 971 3506 salute
982 3443 1117 3524 patriae,
1130 3442 1189 3506 ille
1205 3441 1369 3506 occiderit

422 3562 486 3625 pro
505 3543 683 3607 aviditatis
701 3542 866 3624 ingluvie.
920 3541 1099 3606 Laudatus
1115 3548 1168 3606 est
1182 3540 1263 3604 olim
1278 3561 1369 3623 pree·

421 3641 576 3707 dicundae
598 3641 772 3706 memoriae
793 3639 1027 3722 praedecessor
1051 3648 1169 3705 noster
1192 3638 1369 3705 Adrianus

420 3741 552 3824 primus
593 3741 685 3824 quod
720 3740 946 3804 investituras
981 3739 1204 3804 ecclesiarum
1235 3739 1370 3810 Karolo

421 3840 555 3923 Magno
577 3841 798 3916 concesserit,
820 3840 872 3903 ita
892 3846 932 3902 ut
955 3838 1069 3907 nullus
1098 3840 1228 3934 electus
1248 3858 1373 3904 conse—

456 4124 465 4157 ¹
486 4125 598 4189 Crebra]
624 4123 657 4175 A.
676 4125 704 4175 S.
724 4124 760 4174 D.
780 4124 813 4173 Ε.
833 4124 880 4184 1..;
899 4118 1055 4184 judicabitis,
1076 4122 1119 4186 qui
1144 4123 1273 4186 peregrino
1299 4125 1372 4172 dede-

419 4201 486 4246 certe
497 4197 594 4256 crebro,
605 4195 634 4244 S.
905 4207 959 4240 ram
969 4194 1031 4241 unde
1046 4208 1142 4242 cousom
1160 4193 1246 4242 mortis
1261 4193 1370 4242 incurre-

454 4263 595 4330 ²Nunquid
612 4279 670 4326 ergo
688 4277 724 4312 me
743 4262 799 4312 inde
816 4266 879 4316 recte
904 4262 965 4326 ret]
983 4262 1097 4312 Omitted
1108 4263 1135 4312 in
1148 4263 1202 4317 Cl.
