3180 5048
420 497 487 562 238
640 513 753 561 cusrs
778 511 905 560 aucun
929 511 1143 559 nucuouuu.
1229 496 1316 577 [mn.
1333 511 1373 557 11.

424 677 500 734 teos
532 670 588 734 vel
616 689 739 733 aureos
765 669 913 753 jusserit
941 667 1036 732 vasis
1073 666 1179 749 affigi,
1219 675 1259 732 ut
1291 667 1373 731 dum

423 776 550 832 metam
587 788 687 832 suam
723 769 870 850 quisque
914 773 1150 849 cognosceret,
1184 785 1254 829 non
1282 766 1372 848 plus,

423 869 660 932 subserviente
683 867 902 943 verecundia,
926 867 981 930 vel
1004 868 1078 948 ipse
1103 872 1294 949 appeteret,
1318 866 1374 929 vel

423 968 530 1031 alium
547 972 710 1049 oppetere
737 973 885 1048 cogeret.
939 965 1060 1042 Plura,
1083 972 1119 1030 et
1133 985 1203 1028 non
1220 971 1372 1028 contem-

422 1065 548 1142 nenda,
572 1065 614 1130 de
640 1067 716 1131 viro
738 1066 913 1129 volentem
935 1064 1048 1128 dicere
1074 1070 1217 1128 revocat
1242 1063 1374 1128 Cautu-

424 1166 507 1229 eriae
529 1172 652 1229 cantor
674 1159 884 1240 ¹0sbernuS,
904 1163 964 1245 qui
988 1164 1064 1247 ejus
1086 1165 1194 1229 vitam
1213 1162 1375 1228 Romana

424 1265 598 1346 elegantia
623 1265 830 1346 composuit,
852 1263 939 1325 nulli
961 1270 1081 1327 nostro
1106 1270 1261 1343 tempore
1281 1262 1373 1344 stylo

342 1413 347 1423 .
424 1363 608 1440 secundae,
623 1364 756 1427 musica
769 1368 862 1426 certe
876 1362 1028 1446 omniurn
1041 1363 1116 1426 sine
1137 1362 1375 1426 controversia

424 1462 567 1544 primus.
620 1461 730 1526 Simul
752 1461 928 1544 quoniam,
953 1462 983 1525 si
1000 1461 1115 1542 gratia
1137 1460 1374 1524 divinacomi-

424 1568 518 1626 tetur
541 1560 760 1643 dispositum,
780 1559 946 1644 proposui
969 1566 1050 1642 post
1076 1560 1217 1623 nomina
1242 1579 1374 1640 regum,

425 1661 578 1723 omnium
602 1647 842 1742 episcoporum
867 1657 1006 1740 Angliee
1036 1658 1272 1742 cujuscunque
1295 1677 1374 1740 pro·

425 1759 549 1823 vinciae
572 1758 712 1823 nomina
735 1758 851 1822 saltim
873 1766 1120 1835 transcurrere,
1144 1757 1241 1821 etad
1264 1758 1375 1821 scien-

425 1858 510 1922 tiam
536 1865 732 1921 nostrorum
755 1857 955 1939 procudere,
978 1857 1105 1938 siquid
1122 1857 1263 1939 dignum
1278 1857 1377 1920 valu-

426 1976 486 2019 ero
509 1956 552 2019 de
575 1955 795 2038 antiquitatis
820 1963 958 2020 moneta
978 1955 1174 2038 exculpere.
1238 1955 1376 2018 Verun-

426 2062 544 2121 tamen
555 2061 723 2137 quantum
734 2054 856 2118 efficax
867 2054 983 2132 luerit,
997 2056 1166 2119 sanctitas
1177 2061 1213 2118 et
1221 2055 1375 2136 probitas

268 2178 397 2240 tanuen
428 2153 675 2236 discipulorum
700 2173 841 2218 suorum
863 2154 991 2217 indicio
1017 2161 1082 2218 cst.
1139 2141 1386 2217 ²Adelwoldus

269 2229 406 2318 iiiissiwur.
428 2272 472 2316 ex
488 2252 657 2317 monacho
680 2252 917 2318 Glastoniensi
940 2253 1046 2317 abhas
1064 2251 1377 2329 Abbendoniensis,

428 2353 587 2433 idemque
612 2359 692 2434 post
717 2352 792 2416 haec
809 2353 1004 2435 episcopus
1034 2352 1298 2428 Wiutoniensis,
1323 2358 1377 2415 tot

427 2458 465 2515 et
479 2456 581 2516 tanta
603 2451 814 2534 monasteria
836 2451 929 2528 fecit,
953 2451 1046 2533 quod
1068 2451 1129 2516 vix
1152 2451 1255 2515 modo
1282 2449 1377 2514 vide-

430 2557 510 2614 atur
536 2550 698 2614 credibile
726 2559 766 2616 ut
793 2551 878 2615 talia
911 2550 1031 2614 fecerit
1064 2550 1246 2632 episcopus
1282 2550 1377 2612 urbis

429 2650 545 2725 unius,
554 2649 673 2731 qualia
683 2651 745 2714 vix
760 2657 879 2733 posset
895 2669 958 2713 rex
968 2647 1107 2732 Angliae
1128 2650 1247 2714 totius
1295 2649 1377 2712 Fal·

429 2747 494 2825 lor,
511 2756 547 2813 ct
561 2749 733 2833 praecipiti
749 2749 922 2814 sententia
939 2768 1056 2831 pecco,
1071 2749 1101 2811 si
1115 2769 1186 2812 non
1199 2748 1316 2831 palam
1331 2748 1377 2812 sit

429 2847 523 2929 quod
548 2847 635 2911 dico.
689 2847 871 2926 Quantula
897 2856 979 2912 sunt
1006 2848 1166 2911 coenobia
1185 2845 1377 2923 Helisaeo,

431 2945 653 3023 Burohense,
670 2946 896 3024 Thoruiensc,
922 2967 1001 3029 quae
1020 2947 1079 3010 ille
1101 2966 1123 3010 a
1144 2945 1377 3010 fundamentis

430 3043 616 3108 suscitavit
646 3051 681 3108 et
714 3064 778 3108 sua
805 3046 977 3110 industria
999 3045 1169 3128 perfecit3
1194 3063 1272 3127 quae
1301 3065 1378 3108 cum

429 3290 483 3351 ing,
501 3290 624 3340 ordsined
642 3290 698 3340 thet
716 3306 749 3340 no
767 3306 826 3342 men
837 3307 892 3342 was
918 3308 989 3341 menn
1007 3295 1129 3355 elegantia
1147 3289 1300 3362 composuit]
1330 3293 1379 3344 Os·

429 3363 455 3408 to
474 3359 550 3408 drink
572 3365 599 3408 at
617 3375 664 3409 one
682 3361 794 3424 dreught
810 3363 892 3411 below
919 3361 1017 3412 berne's
1039 3363 1095 3412 Life
1117 3363 1147 3414 oi
1164 3365 1200 3413 St.
1220 3364 1339 3413 Dunstan
1356 3365 1378 3413 is

430 3428 474 3478 the
496 3430 549 3490 pin.
586 3429 746 3491 Archbishop
769 3431 892 3480 Boniinco
918 3432 1018 3493 printed
1029 3432 1211 3494 iutheAnglia
1221 3433 1308 3494 Secta,
1319 3448 1379 3495 pars

430 3499 558 3561 observes,
571 3498 627 3548 thet
643 3499 818 3550 druukenness
837 3516 892 3551 was
918 3502 1039 3564 secunda,
1056 3516 1084 3562 p.
1100 3506 1143 3566 88,
1161 3502 1224 3551 from
1242 3516 1258 3550 a
1277 3503 1335 3552 MS.
1352 3504 1378 3551 in

430 3581 460 3616 so
471 3582 583 3617 common
594 3569 621 3616 in
632 3569 672 3618 his
682 3569 754 3632 time,
764 3569 819 3618 thet
829 3585 893 3618 even
918 3571 1041 3620 Lsmbeth
1057 3571 1182 3634 libram
1199 3571 1303 3620 another
1314 3586 1379 3633 copy

431 3636 545 3700 bishops,
567 3638 666 3687 instead
689 3637 717 3686 ol
735 3640 893 3702 preventinffi
918 3640 940 3688 is
960 3641 986 3686 in
1004 3639 1047 3688 the
1059 3641 1155 3690 British
1167 3640 1378 3704 Museum(Cott.

431 3720 499 3755 were
510 3706 660 3756 themselves
672 3707 805 3769 pertekers
822 3709 848 3757 iu
863 3709 891 3758 it.
918 3709 1002 3758 Tiber.
1015 3709 1049 3760 D.
1062 3723 1102 3759 111.
1114 3711 1158 3761 iol.
1171 3706 1240 3772 119),
1256 3710 1282 3758 in
1293 3710 1379 3759 which

431 3775 494 3824 This
511 3775 575 3824 kind
585 3777 614 3825 oi
627 3776 813 3840 druulrenness,
823 3778 893 3826 how·
918 3779 1005 3838 nearly
1021 3778 1063 3827 the
1080 3780 1163 3829 whole
1181 3780 1210 3828 oi
1224 3779 1266 3828 the
1285 3780 1379 3832 second

430 3859 500 3906 ever,
507 3859 562 3894 was
572 3844 705 3893 forbidden
716 3849 741 3893 to
752 3845 795 3894 the
806 3848 892 3909 clergy
918 3847 985 3896 hook
996 3848 1018 3897 is
1029 3849 1151 3912 wanting.
1187 3851 1235 3900 See
1247 3849 1301 3898 also
1311 3849 1379 3900 Acte

432 3913 458 3961 iu
477 3914 519 3962 the
537 3913 637 3962 council
655 3914 684 3963 ol
698 3913 891 3978 Loudon,A.D.
917 3916 1029 3983 SS.(190
1039 3914 1127 3982 Maii.)

434 3986 507 4044 11⁰2,
517 3982 603 4032 which
613 3983 721 4032 decreed
731 3983 787 4033 that
800 3987 893 4047 priests
952 3981 1147 4056 Ualeriane]
1156 3987 1317 4036 Aethelwold
1324 4001 1380 4036 was

432 4051 523 4101 should
542 4057 585 4102 not
604 4068 636 4115 go
658 4057 684 4107 to
704 4054 790 4114 public
807 4055 893 4104 drink-
918 4055 1042 4104 educeted
1053 4058 1135 4106 under
1145 4058 1182 4107 St.
1189 4056 1317 4117 Dunstau,
1328 4057 1379 4104 and

431 4121 498 4183 iuge,
509 4123 569 4172 ‘nec
580 4123 614 4171 ad
624 4123 715 4184 pinnas
723 4123 829 4175 hibent?
845 4125 893 4175 See
917 4139 973 4173 was
990 4126 1064 4174 made
1081 4127 1171 4188 bishop
1184 4125 1213 4174 ol
1221 4124 1380 4174 winchester

431 4194 515 4252 antea,
526 4207 552 4253 p.
565 4197 623 4254 115,
633 4197 690 4242 note
702 4189 720 4242 ¹.
918 4194 989 4244 AJ).
1006 4198 1063 4245 963.
1112 4196 1155 4246 He
1174 4195 1234 4246 died
1253 4199 1294 4245 lst
1309 4196 1379 4257 Aug.

466 4255 475 4288 ¹
489 4261 623 4324 esbernus,
638 4262 680 4324 qui
691 4262 742 4322 ejus
756 4263 832 4312 vitain
844 4263 894 4312 Ro·
919 4263 988 4313 A.D.
1001 4267 1058 4313 984.
