3180 5048
223 469 290 516 ma.
307 455 365 534 11.]
450 469 564 518 cusra
587 468 714 517 nucuu
739 470 954 520 auouonuu.
1104 459 1171 522 265

224 635 381 705 vocatur,
410 629 643 710 pessundata3
672 630 801 692 eversis
817 628 1036 693 monasteriis
1049 637 1085 694 et
1100 631 1171 694 Ex-

225 729 306 792 ouia
333 728 418 790 urbe
449 727 613 792 incensa:
647 724 774 791 Cantia
804 728 1054 810 depraedationi
1076 730 1171 806 data,

224 828 306 890 urbs
330 827 530 908 metropolis
557 834 592 891 et
617 827 891 908 patriarcharum
915 827 1014 891 sedes
1040 829 1171 892 confla-

226 932 344 1008 grata3
370 919 456 1008 ¹ipsc
478 925 688 1008 patriarcha,
711 934 853 991 sanctus
877 933 912 990 et
935 928 1171 991 reverentissi-

225 1043 302 1087 mus
319 1025 384 1101 vir,
403 1023 559 1106 Elsegus,
576 1024 745 1089 abductus
761 1025 846 1088 etin
860 1024 1007 1088 vinculis
1030 1033 1147 1090 tentus
1161 1048 1170 1106 ;

226 1124 270 1188 ad
292 1117 516 1200 ²extremum,
531 1143 609 1186 cum
627 1124 774 1188 rusticos
797 1143 879 1188 suos
899 1124 1053 1207 expilare
1069 1126 1114 1188 ad
1133 1145 1171 1189 sc
1183 1143 1291 1183 seluern

227 1229 409 1304 cogeretur
430 1222 665 1285 redimendum
686 1229 722 1285 et
737 1224 914 1300 abnueret,
936 1223 1111 1305 lapidatus
1136 1231 1171 1289 et
1184 1195 1307 1282 illiti.

226 1321 339 1386 securi
353 1340 550 1404 percussus
567 1322 683 1384 anima
697 1323 824 1386 coelum
842 1321 1061 1403 glorificavit.
1101 1323 1170 1388 Oc-

227 1421 336 1494 cisum
366 1421 462 1485 Deus
493 1419 679 1499 sublimat3
720 1420 806 1484 adeo
838 1428 879 1484 ut
911 1422 1016 1498 Dani,
1047 1423 1106 1504 qui
1136 1423 1172 1487 in

226 1538 344 1584 necem
368 1519 443 1601 ejus
471 1517 621 1600 grassati
643 1518 792 1597 fuerant,
817 1521 893 1584 viso
915 1520 1081 1586 miraculo
1103 1542 1173 1604 quo

226 1618 358 1700 lignum
381 1618 514 1682 aridum
537 1618 705 1699 sanguine
729 1618 838 1700 ipsius
855 1619 959 1692 ¹litum
985 1621 1048 1683 sub
1071 1629 1173 1684 nocte

227 1736 298 1780 una
315 1717 517 1793 reviruerat,
533 1710 709 1780 ³certatim
732 1716 823 1780 colla
844 1717 1061 1801 subjicerent.
1116 1718 1174 1783 Ita

227 1816 377 1880 naturali
404 1815 644 1880 cervicositate
672 1816 861 1893 substrata,
889 1835 1025 1880 sacrum
1048 1837 1173 1900 corpus

229 1914 444 1979 Londoniam
475 1914 574 1978 evehi
602 1914 793 1996 patiuntur.
855 1914 911 1978 Ibi
934 1904 1086 1996 glorifice
1119 1936 1172 1980 se-

229 2006 447 2096 pultum,‘⁴et
468 2020 548 2096 post
572 2013 690 2076 decem
714 2032 824 2077 annos
848 2015 892 2077 ab
916 2016 1010 2079 omni
1030 2034 1172 2098 corrup-

228 2113 332 2177 tionis
373 2112 452 2175 labe
481 2113 631 2174 immune
661 2113 827 2188 levatum,
865 2113 1173 2197 archiepiscopium

228 2231 327 2275 suum
343 2211 548 2275 nobilitavit.
583 2210 698 2274 Durat
712 2210 756 2274 ad
773 2212 839 2275 hoc
852 2219 987 2294 tempus
1002 2221 1037 2277 et
1054 2232 1173 2278 recens

228 2311 370 2393 sanguis
385 2316 419 2373 et
434 2308 569 2372 illibata
584 2309 780 2391 integritas,
791 2310 1025 2393 miraculoque
1037 2311 1175 2376 ducitur

228 2429 330 2492 posse
346 2408 496 2472 cadaver
517 2408 708 2471 exanimari
731 2416 766 2472 et
789 2429 859 2472 non
882 2429 983 2492 posse
1007 2411 1171 2475 tabefieri.

230 2508 277 2573 Et
292 2529 335 2571 ne
356 2508 500 2588 longum
516 2505 654 2584 faciam,
677 2507 854 2588 sigillatim
870 2511 1078 2573 enumeratis
1092 2530 1172 2592 pro·

229 2607 352 2672 vinciis
382 2624 471 2689 quas
501 2611 740 2682 vastaverunt,
772 2606 837 2670 hoc
865 2608 911 2671 sit
937 2608 981 2670 ad
1005 2627 1172 2672 summam

229 2706 424 2788 complecti,
448 2704 553 2787 quod,
573 2723 651 2767 cum
668 2712 892 2769 numerentur
914 2706 950 2768 in
965 2705 1097 2788 Augila
1111 2708 1173 2771 tri-

231 2806 331 2887 ginta
345 2805 414 2868 duo
428 2804 523 2886 pagi,
536 2803 587 2866 illi
597 2804 674 2887 Jam
689 2804 838 2867 sedecim
860 2806 1073 2882 invaserant,
1088 2825 1174 2888 quo·

229 2924 306 2967 rum
331 2904 471 2967 nomina
494 2909 637 2984 propter
661 2902 854 2966 barbariem
876 2904 1005 2986 linguae
1026 2906 1175 2968 scrihere

264 3191 347 3256 ¹Ipse
363 3190 505 3254 patriarcha
592 3190 618 3238 in
636 3189 689 3239 oin·
749 3189 894 3240 ⁸Certatr'm
912 3187 995 3260 collo]
1016 3194 1045 3243 C.
1065 3193 1116 3254 E.;
1133 3193 1177 3242 be-

229 3261 403 3323 calistenem]
416 3260 689 3320 Genterburywasbe·
715 3261 768 3309 fore
787 3261 918 3310 ‘certatim
941 3262 1025 3323 colla,'
1041 3261 1075 3311 A.
1095 3263 1124 3312 S.
1145 3263 1177 3313 L.

229 3332 316 3393 sieged
332 3333 366 3390 by
377 3331 419 3378 the
432 3330 519 3378 Danes
532 3329 603 3378 Am.
615 3332 690 3391 1012,
715 3329 776 3378 read
798 3330 927 3378 ‘certatim
949 3331 1038 3379 oscula
1064 3329 1177 3380 defuncti

124 3430 132 3440 ι
229 3401 280 3449 and
303 3398 463 3459 Archbishop
485 3395 613 3446 Aelfhehh
635 3412 690 3446 was
715 3403 816 3447 ruerent
825 3399 841 3458 ς’
858 3399 893 3449 D.
908 3399 983 3452 reads
1001 3398 1132 3455 ‘certatim
1150 3401 1176 3449 in

229 3468 352 3531 captured
363 3469 413 3517 and
424 3467 561 3517 murdered
571 3468 605 3527 by
612 3466 689 3515 them.
715 3468 804 3516 oscula
814 3467 955 3516 irruerent!

230 3539 281 3589 His
292 3540 336 3588 lise
347 3552 402 3586 was
409 3538 509 3586 written
520 3538 553 3597 hy
566 3536 691 3597 Ochema,
751 3535 761 3566 ⁴
772 3538 809 3584 Et
823 3541 879 3599 port
893 3539 972 3585 decem
985 3551 1061 3586 aanor
1071 3537 1101 3584 ab
1112 3539 1176 3587 mni

230 3609 279 3658 and
302 3610 325 3657 is
346 3607 447 3668 printed
475 3607 501 3653 iu
529 3605 572 3654 the
594 3605 690 3666 Anglia
715 3606 879 3668 corruptionis
963 3606 1177 3670 archiepiscopium

229 3679 317 3738 Sacra,
335 3690 395 3737 pars
415 3689 446 3726 11.
469 3690 495 3736 p.
516 3678 574 3736 122,
592 3673 656 3722 from
674 3689 691 3722 a
715 3690 785 3724 mam
803 3670 965 3742 nodditooit]
989 3675 1042 3724 The
1065 3676 1131 3737 body
1150 3677 1179 3724 os

231 3747 288 3796 MS.
300 3749 326 3794 iu
339 3745 576 3804 Lambethlibrary.
613 3743 690 3792 MSS.
715 3743 843 3794 Aelfhehh
868 3758 924 3793 was
950 3745 1088 3794 translated
1112 3745 1175 3793 from

230 3815 299 3865 Oott.
321 3815 398 3874 Otho,
420 3814 454 3864 Α.
477 3825 534 3875 xre,
553 3811 631 3861 vitel.
655 3812 690 3861 Ι).
715 3814 821 3864 Loudon
841 3819 867 3863 to
896 3814 1053 3875 Canterbury
1080 3815 1107 3861 in
1134 3815 1176 3863 the

231 3884 367 3946 xv11.‚and
381 3884 465 3933 Tiber.
478 3879 691 3947 D.111.(injured
715 3898 777 3944 year
788 3888 862 3935 1023.
898 3884 1013 3933 Osbeme
1028 3885 1083 3932 also
1098 3888 1178 3932 wrote

230 3957 264 4015 by
282 3950 337 4016 lire)
360 3953 414 4001 also
432 3952 533 4001 contain
554 3951 691 4000 Osbeme's
716 3967 732 4000 a
751 3953 858 4013 History
873 3953 903 4001 oi
918 3954 960 4002 the
978 3952 1136 4001 Translation
1152 3953 1181 4001 of

230 4023 286 4072 Life
297 4023 326 4072 os
334 4019 471 4071 Aelihehh.
717 4019 867 4070 Aelfheth’s
884 4023 961 4082 body.
996 4022 1059 4070 Itis
1078 4021 1178 4082 printed

717 4092 743 4138 in
762 4091 804 4138 the
816 4090 912 4151 Anglia
928 4091 1015 4152 Sacra,
1033 4105 1092 4151 pars
1110 4103 1139 4138 11.
1151 4105 1178 4150 p.

265 4159 275 4188 ²
297 4160 465 4222 Extremam]
491 4159 518 4208 S.
544 4159 573 4208 C.
598 4158 634 4209 D.
659 4159 691 4206 Ε.
720 4163 777 4220 1⁴³,
788 4159 902 4208 fromthe
914 4159 1013 4209 Cotton.
1026 4160 1082 4210 MS.
1093 4159 1178 4209 Tiber.

230 4233 277 4293 L.;
294 4231 421 4293 ultimum,
432 4229 465 4278 Δ.
719 4229 753 4278 D.
765 4241 804 4278 ιιι.
835 4251 837 4254 ·
