3150 5046
183 518 253 568 ms.
271 505 327 585 11.]
408 522 522 570 onsrn
546 522 673 571 nneun
697 523 910 572 nuononuu.
1068 507 1134 571 309

181 678 281 756 biles,
292 673 384 743 ¹tum
400 681 552 744 maxime
569 676 743 744 orationes
757 681 977 744 foeminarum
995 687 1030 746 et
1046 700 1131 763 pue-

180 796 297 841 rorum
313 779 427 848 vicino
445 787 481 844 et
497 780 660 861 contiguo
678 780 801 843 auxilii
818 781 904 863 pede
922 780 1112 861 attingunt.
1209 791 1212 798 '

231 877 342 960 §215.
368 879 493 942 Frater
515 877 676 943 Wulserii
698 873 961 956 ²Merewaldus,
992 898 1037 942 ex
1064 880 1129 942 Er·
1140 887 1235 982 {33¹1-

182 978 370 1058 menberga
403 977 475 1040 filia
508 977 709 1042 Ermenredi
746 978 864 1042 fratris
899 978 1126 1056 Ercomberti,
1211 969 1217 980 ’

180 1069 392 1155 tulit‘³filias,
404 1076 619 1140 Mildritham
637 1085 672 1141 et
688 1078 912 1158 Milhurgam.
946 1077 1139 1142 Mildritha·

177 1166 232 1236 ⁴¹in
258 1175 394 1241 Taneto
421 1177 535 1240 insula
555 1175 702 1252 Cantiae,
724 1196 829 1259 quam
855 1177 957 1240 matri
986 1196 1059 1240 suae
1088 1179 1124 1242 in

178 1273 384 1338 solutionem
419 1276 514 1339 necis
536 1275 681 1339 fratrum
707 1295 861 1351 suorum,
891 1275 1068 1340 Ethelredi
1089 1285 1125 1340 et

179 1371 385 1453 Egelbirthi,
401 1373 545 1438 dederat
562 1394 625 1437 rex
637 1374 824 1455 EgbertuS,
841 1374 1020 1438 coelibatui
1037 1375 1124 1438 dans

179 1491 332 1553 operam,
349 1473 475 1537 ibidem
492 1474 576 1537 vitae
601 1480 728 1537 metam
750 1473 907 1537 incurrit.
959 1473 1125 1554 Sequenti
1142 1555 1146 1564 1

178 1577 344 1653 tempore,
362 1573 406 1636 ad
424 1573 619 1636 coenobium
634 1573 746 1635 sancti
763 1569 954 1652 Augustini
971 1571 1125 1637 Cantua-

178 1669 264 1732 riam
292 1672 475 1749 translata,
503 1672 633 1735 eximia
659 1670 904 1735 monachorum
938 1671 1124 1736 sedulitate

176 1766 378 1848 honoratur,
396 1771 537 1854 pietatis
554 1771 647 1834 fama
673 1777 708 1835 et
729 1769 921 1833 dulcedinis
939 1769 1045 1853 juxta
1062 1790 1124 1834 vo-

176 1868 336 1932 cabulum
370 1889 471 1933 suum
497 1869 534 1934 in
563 1878 710 1935 cunctos
744 1889 843 1951 aeque
877 1869 1121 1951 praedicabilis.

176 1967 223 2030 Et
255 1970 416 2049 quamvis
445 1970 494 2033 ibi
535 1989 623 2050 pene
663 1989 782 2033 omnes
821 1969 1023 2032 monasterii
1061 1987 1122 2032 an-

175 2065 307 2132 fractus
343 2067 437 2151 pleni
472 2069 542 2133 sint
579 2076 777 2132 sanctorum
806 2068 1022 2150 corporibus,
1058 2087 1121 2132 nee

174 2185 293 2229 eorum
320 2167 421 2250 parvi
447 2168 595 2231 nominis
629 2175 691 2232 aut
724 2167 850 2243 meriti,
878 2167 938 2230 sed
974 2186 1120 2249 quorum

174 2265 314 2346 singula
330 2287 393 2349 per
418 2287 455 2331 se
475 2274 619 2350 possent
635 2267 810 2331 illustrare
828 2263 1007 2347 Angliam,
1024 2267 1119 2330 nullo

174 2370 291 2429 tamen
308 2366 369 2430 illa
387 2367 512 2429 colitur
528 2365 683 2443 inferius,
701 2367 906 2446 quinimmo
928 2372 1066 2428 amatur
1085 2373 1121 2429 et

173 2471 461 2527 commemoratur
488 2463 634 2526 dulcius.
686 2462 798 2526 Adest
823 2462 885 2527 illa
910 2481 948 2525 se
975 2463 1121 2544 diligen-

174 2561 279 2640 tibus,
297 2563 410 2626 nullos
431 2562 537 2626 surda
554 2562 728 2625 transiens
753 2581 849 2638 aure,
866 2560 972 2625 saluti
995 2581 1120 2625 consu-

172 2660 248 2724 lens
265 2662 401 2725 animae.

216 2759 316 2842 5216.
327 2755 521 2841 ⁵Milburga
533 2759 627 2842 apud
636 2759 804 2824 Weneloc
813 2760 1019 2841 requiescit3
1036 2760 1118 2824 olim
1132 2783 1282 2835 sennenn.

172 2859 216 2921 ah
235 2859 362 2923 accolis
384 2866 480 2936 nota,
501 2858 561 2922 sed
584 2866 665 2940 post
691 2858 879 2922 adventum
898 2857 1119 2923 Normanno-

172 2958 366 3034 rum,di1m
389 2959 543 3022 nescitur
569 2957 667 3020 locus
696 2957 883 3040 sepulchri,
914 2958 1118 3039 aliquandiu

172 3056 338 3122 oblivioni
365 3058 473 3122 data:
504 3075 616 3139 nuper
643 3077 739 3133 vero,
774 3057 928 3121 adunato
958 3058 1006 3120 ihi
1038 3077 1119 3121 eon-

171 3163 278 3220 ventu
300 3156 546 3221 monachorum
565 3154 855 3234 cluniacensium,
881 3157 974 3234 dum,
998 3157 1117 3221 incho-

170 3262 231 3318 ata
247 3257 329 3320 novi
346 3256 467 3338 templi
483 3255 655 3332 maehina,
673 3257 815 3338 quidam
837 3276 924 3338 puer
942 3275 1004 3338 per
1021 3257 1117 3339 pavi-

169 3361 323 3417 mentum
346 3355 554 3419 concitatius
576 3355 772 3431 cursitaret,
790 3354 932 3419 effracta
949 3356 1117 3419 mausolei

204 3590 306 3658 ¹Tnm.]
326 3595 356 3644 C.
373 3593 409 3644 h.
427 3593 479 3654 E.;
497 3595 568 3654 tunc,
595 3590 629 3641 A.
655 3594 681 3639 to
703 3590 818 3639 estimato
846 3588 897 3638 thie
920 3590 1119 3651 compensefion,

170 3663 199 3714 S.
207 3664 239 3714 h.
656 3659 686 3726 (i.
698 3675 720 3709 e.
731 3659 797 3708 their
810 3655 954 3722 weregild)
973 3658 1018 3707 she
1036 3659 1116 3707 esked

203 3727 412 3800 interventrices]
430 3731 479 3782 See
502 3737 586 3794 antea,
602 3745 630 3792 p.
655 3743 684 3779 ae
696 3729 771 3778 much
782 3729 843 3777 land
854 3742 884 3777 ae
894 3728 939 3776 her
950 3731 1007 3790 stag
1023 3728 1117 3777 should

170 3806 228 3853 110.
656 3812 772 3859 compass
794 3803 821 3847 at
842 3812 889 3846 one
912 3811 1001 3846 course
1025 3797 1051 3845 in
1074 3798 1116 3846 the

203 3869 329 3934 ⁸[lilios]
352 3869 385 3922 A.
400 3873 430 3921 C.
442 3869 477 3921 D.
490 3870 524 3920 Ε.
541 3885 548 3932 3
564 3868 630 3919 duas
655 3869 702 3918 isle
714 3868 743 3916 ol
749 3868 857 3928 lhanet,
866 3867 951 3916 where
970 3866 1015 3915 she
1026 3866 1117 3915 sound-

167 3942 243 4003 filies,
254 3941 283 3992 S.
295 3940 327 3990 t.
656 3938 688 3986 ed
709 3937 752 3986 the
780 3941 923 3998 monastery
945 3936 975 3984 ot
998 3936 1115 3986 Minster.

203 4014 213 4042 ⁴
238 4012 269 4059 ln
299 4012 389 4059 Tauetc
419 4008 501 4056 insuto
526 4006 631 4069 Cantioe,
655 4007 721 4056 Vide
741 4007 783 4056 W.
805 4006 900 4055 Thorn.
924 4006 972 4054 eol.
997 4008 1070 4066 1910,
1090 4011 1117 4054 et

168 4096 239 4144 quom
269 4079 344 4128 metri
366 4093 415 4126 euoe
438 4078 464 4125 in
490 4077 632 4126 solutionem
657 4076 751 4126 Natale
764 4077 790 4124 S.
798 4075 946 4136 Mildrythae
958 4072 1118 4140 (Saxoniee),

167 4152 234 4200 necis
245 4150 359 4209 fratrum
377 4161 484 4205 nemum,
501 4146 631 4194 Ethelredi
658 4147 714 4196 MS.
735 4145 804 4212 Coit.
834 4145 918 4206 Calig.
947 4145 981 4193 A.
1010 4157 1063 4194 x1t.
1091 4149 1117 4194 4.

168 4227 192 4270 et
215 4218 367 4282 Egelhirthi,
388 4218 487 4264 dedara
509 4231 555 4264 rex
577 4216 632 4276 Eg·
657 4215 830 4277 strepente
1047 4235 1052 4242 ·

168 4290 271 4353 bertus]
288 4288 372 4337 When
388 4287 409 4334 it
419 4299 474 4335 was
492 4285 538 4334 left
549 4290 575 4334 to
586 4285 631 4334 her
692 4283 864 4346 ‘MilhurgeJ
876 4283 923 4332 See
932 4287 1017 4343 antea,
1025 4299 1051 4345 p.
1061 4285 1117 4333 110.

905 4357 965 4420 23
