3150 5046
207 477 348 558 marn]
432 491 545 541 casm
568 493 696 542 arcun
720 494 934 543 Anonouuu.
1096 457 1160 543 301

209 652 300 728 bem,
318 669 387 733 qua
408 649 517 714 fluvio
534 648 698 714 Tamensi
720 670 789 715 non
816 650 970 728 alluitur,
994 653 1091 716 foris
1107 660 1160 716 to-

211 756 284 813 tam
306 749 474 826 cinxerat,
496 750 674 832 multaque
691 751 836 816 vulnera
858 750 987 815 fecerat
1009 757 1045 814 et
1062 771 1165 816 acce-0

211 855 323 932 perat.
375 848 513 932 Itaque,
528 849 647 912 audito
661 851 751 931 regis
767 850 931 928 adventu,
950 844 1085 932 ¹fugam
1099 872 1161 934 per
1228 925 1230 929 ¹

92 993 96 1000 ·
196 968 322 1033 ,prona
350 948 542 1012 invadunt:
574 949 779 1013 subsecutus
804 969 863 1012 eos
893 969 912 1013 e
941 951 1102 1031 vestigio,
1125 958 1161 1014 et

211 1047 357 1112 transito
380 1047 471 1113 vado
491 1046 582 1130 quod
606 1047 791 1111 Brentford
814 1048 950 1127 dicitur,
973 1049 1161 1114 victoriosa

211 1153 329 1228 strage
358 1146 495 1210 delevit.
564 1145 715 1228 Reliqua
744 1148 941 1226 multitudo,
973 1167 1052 1232 quae
1082 1169 1160 1212 oum

213 1244 372 1309 cnutone
397 1251 620 1324 remanserat,
637 1246 819 1310 Edmundo
843 1248 1097 1330 aliquantulum
1110 1249 1160 1312 fe·

210 1346 300 1409 riato
316 1352 352 1408 et
365 1352 482 1427 partes
505 1363 587 1421 suas
604 1353 842 1427 componente,
859 1346 1075 1411 Londoniam
1095 1349 1165 1412 ite-

211 1465 287 1508 rum
310 1451 404 1508 terra
416 1445 623 1528 flumineque
646 1445 804 1526 obsidet3
828 1446 889 1509 sed
911 1447 955 1509 ab
978 1448 1159 1529 oppidanis

211 1544 476 1625 magnanimiter
492 1545 727 1626 pugnantibus
749 1545 899 1628 repulsa,
922 1546 1010 1610 iram
1031 1547 1164 1611 incol-

210 1643 422 1707 limitaneam
446 1643 613 1707 Merciam
640 1643 796 1721 effundit,
811 1645 905 1712 vicos
929 1652 966 1710 et
980 1646 1080 1710 villas
1103 1666 1160 1710 ra·

211 1743 314 1825 pinis,
336 1742 516 1820 incendiis,
531 1743 751 1826 caedibusque
766 1744 990 1826 depopulans.
1035 1744 1161 1828 Opima

211 1842 330 1924 praeda
352 1841 396 1905 ad
422 1860 528 1906 naves
556 1849 723 1907 convecta
745 1862 832 1925 quas
858 1844 895 1907 in
918 1862 1019 1908 amne
1040 1845 1160 1910 Mede·

212 1941 317 2023 guaia
338 1949 632 2024 congregaverat:
661 1941 787 2007 fluvius
814 1942 874 2006 ille
896 1943 1083 2007 Rofensem
1101 1965 1159 2008 ur·

212 2042 289 2104 bem
320 2041 571 2122 praeterfluens,
604 2041 776 2106 violentus
805 2049 840 2106 et
871 2045 989 2126 rapaci
1020 2045 1159 2126 gurgite

212 2140 343 2218 minax,
360 2140 489 2204 moenia
503 2140 647 2223 pulchra
663 2141 771 2208 lavat,
825 2141 911 2206 Inde
925 2163 1062 2227 quoque
1076 2161 1159 2226 rege

212 2247 389 2323 pugnante
427 2240 560 2322 fugata,
590 2248 901 2325 praeoccupatoque
935 2243 1025 2309 vado
1066 2243 1159 2327 quod

211 2339 369 2422 superius
394 2339 570 2404 nominavi
591 2339 788 2418 Brentford‚
810 2341 939 2423 insigni
963 2342 1057 2406 caede
1078 2363 1159 2426 pro·

212 2439 344 2520 fligata.
397 2437 590 2504 Conantem
611 2438 757 2503 ulterius
771 2441 912 2506 tendere
928 2440 1158 2521 Edmundum,

211 2546 251 2602 ut
282 2538 445 2621 reliquias
467 2539 668 2621 praedonum
697 2546 960 2622 persequeretur
983 2541 1028 2604 a‘d
1051 2541 1159 2606 inter-

211 2639 402 2715 necionem,
425 2638 522 2703 vafer
545 2638 603 2702 illc
628 2646 663 2703 et
687 2640 857 2720 pessimus
883 2640 1028 2704 Edricus
1059 2661 1159 2704 revo-

213 2739 318 2813 cavit,
332 2737 412 2802 ficto
422 2737 626 2822 jamdudum
636 2739 750 2802 animo
764 2739 800 2801 in
818 2737 967 2820 gratiam
978 2758 1157 2820 reversus3

213 2837 357 2901 consilio
387 2838 477 2900 enim
505 2837 674 2901 cnutonis
701 2857 778 2901 cum
800 2838 985 2902 Edmundo
1010 2847 1097 2916 erat,
1118 2849 1160 2905 ut

212 2937 288 3020 ejus
302 2936 544 3001 meditationes
568 2938 797 3001 renunciaret.
844 2937 997 3002 Ultimus
1011 2939 1070 3003 ille
1086 2939 1159 3004 dios

214 3036 325 3102 Danis
349 3035 503 3118 profecto
519 3035 641 3102 fuisset
657 3037 687 3101 si
702 3038 992 3120 perseverandum
1009 3059 1071 3104 rex
1094 3059 1159 3121 pu·
1217 3031 1220 3036 ’

212 3143 343 3216 tasset3
370 3136 430 3200 sed
454 3143 652 3218 praeventus
676 3135 734 3223 (ut
756 3134 847 3222 dixi)
873 3157 1014 3202 susurro
1043 3139 1158 3222 prodi·
1213 3139 1215 3144 “

213 3236 310 3312 toris,
335 3235 394 3316 qui
421 3235 539 3300 hostes
563 3236 648 3300 nihil
674 3236 767 3300 ultra
790 3256 935 3302 ausuros
962 3237 1160 3316 affirmaret,

211 3341 385 3398 maturum
415 3335 480 3398 sibi
511 3335 655 3398 exitium
688 3342 723 3399 et
747 3332 887 3417 Angliae
915 3337 990 3401 toti'
1011 3339 1160 3418 paravit,

214 3433 375 3514 Namque
400 3433 463 3511 illi,
486 3434 570 3500 data
584 3436 642 3500 via
658 3433 824 3514 fugiendi,
844 3434 971 3499 iterum
993 3436 1030 3499 in
1054 3455 1161 3501 unum

213 3533 381 3610 coaluere,
397 3531 593 3598 Orientales
609 3532 746 3616 Anglos
757 3535 847 3599 bello
863 3534 1067 3600 infestantes
1080 3556 1089 3615 ;
1107 3537 1160 3617 ip-

209 3651 288 3696 sum
317 3653 454 3716 quoque
485 3653 613 3714 regem,
637 3634 815 3716 suppetias
850 3633 1029 3718 ferentem,
1067 3636 1159 3717 apud

212 3731 459 3797 Assandunam
475 3733 594 3797 cedere
610 3741 808 3814 coegerunt.
849 3730 1053 3816 Auspicium
1066 3734 1159 3816 fugae

211 3831 277 3896 fuit
306 3832 365 3896 ille
395 3851 440 3896 ex
479 3832 650 3910 consulto,
679 3852 782 3916 quem
820 3834 947 3896 totiens
983 3835 1160 3899 nominare

211 3932 329 4020 pudet.
382 3931 492 3996 Pauci
508 3933 567 4014 qui
580 3932 700 4014 gloriae
715 3952 787 3996 suae
803 3952 872 3997 non
887 3933 1114 4012 immemores,
1126 3941 1161 3998 et

210 4031 397 4096 alterutros
421 4032 628 4112 excitantes,
645 4051 790 4096 cuneum
807 4031 972 4110 fecerant,
988 4032 1032 4096 ad
1054 4053 1161 4097 unum

390 4270 399 4304 ¹
412 4272 532 4338 Fugam]
549 4273 583 4324 A.
598 4275 628 4325 C.
640 4274 675 4325 D.
687 4276 719 4325 E.
732 4275 779 4336 L.;
796 4275 900 4324 omitted
910 4274 937 4322 in
948 4273 977 4326 S.

1173 3661 1244 3702 Battle
1253 3661 1276 3702 oi

1173 3713 1288 3752 Arhdoun.
