3190 5060
425 454 469 516 90
648 469 761 516 cnsrn
785 468 911 516 anauu
935 468 1147 516 nrcnoauu.
1226 455 1330 535 ’[ιικ.
1350 472 1375 518 1.

262 645 387 688 multos
404 627 415 658 ⁵
476 626 565 710 §bl
595 626 804 709 Plerumque
833 645 894 708 spe
926 633 1089 707 metuque
1120 624 1266 703 libratis,
1297 647 1374 690 cum

261 696 326 737 Beda.
351 731 354 736 .

425 734 585 790 neutrum
600 726 893 808 praeponderaret,
909 725 1090 803 inferebat,
1113 717 1375 789 ‘¹Horrendum

400 839 401 842 ’
424 834 478 891 est
489 827 640 890 incidere
649 826 686 889 in
694 845 817 889 manus
829 826 897 891 Dei
907 822 1080 890 viventis?
1111 825 1216 888 ‘Non
1226 827 1277 890 ita
1287 827 1377 890 inter

425 946 487 992 vos
502 927 576 990 vixi
593 935 633 990 ut
647 926 777 1008 pudeat
791 946 846 989 me
859 926 988 1002 vivere,
1003 925 1065 989 sed
1080 945 1144 990 nec
1157 926 1245 990 mori
1259 927 1377 1004 timeo,

426 1028 509 1110 quia
518 1027 647 1091 bonum
655 1026 846 1090 Dominum
857 1025 1024 1089 habemus
1034 1025 1055 1105 ;'
1073 1026 1282 1090 sanctissimi
1291 1024 1377 1090 Am·

426 1127 532 1190 brosii
555 1126 734 1191 morientis
762 1126 893 1190 dictum
915 1119 1125 1190 ²mutuatus.
1185 1125 1287 1189 Felix
1316 1127 1377 1208 qui

427 1233 498 1290 tam
515 1245 638 1291 secura
650 1227 858 1308 loquebatur
874 1225 1097 1300 conscientia,
1115 1232 1155 1290 ut
1177 1245 1240 1288 nec
1262 1226 1378 1290 vivere

427 1328 656 1404 erubesceret,
666 1346 730 1390 nec
740 1325 827 1389 mori
838 1333 1028 1404 metuerct;
1050 1325 1190 1389 hicnon
1207 1326 1376 1390 reveritus

427 1434 590 1508 aspectus
621 1425 811 1503 hominum,
846 1424 917 1489 illic
956 1425 1131 1489 occultum
1164 1425 1232 1489 Dei
1258 1445 1376 1508 aequa·

427 1527 566 1590 nimiter
586 1533 776 1608 expectans
799 1526 989 1589 arbitrium.
1035 1525 1147 1608 Saepe,
1180 1525 1216 1589 vi
1249 1524 1379 1589 doloris

428 1645 579 1708 pressus,
592 1627 645 1688 his
656 1626 826 1708 exemplis
842 1626 1056 1707 respirabat:
1081 1623 1237 1689 ‘Aurum
1254 1627 1378 1707 probat

427 1726 565 1804 fornax,
591 1733 627 1790 et
652 1727 765 1790 virum
786 1725 923 1808 justum
943 1726 1099 1790 caminus
1116 1725 1378 1807 temptationis!

429 1821 559 1890 ‘³Non
576 1833 658 1889 sunt
675 1825 857 1906 condignae
883 1825 1063 1907 passiones
1086 1824 1191 1908 hujus
1214 1826 1379 1906 temporis

428 1924 473 1988 ad
500 1925 654 1989 futuram
680 1926 827 2008 gloriam
854 1944 933 2010 quae
957 1924 1168 1989 revelabitur
1195 1924 1232 1988 in
1254 1924 1378 1988 nobis)

430 2024 737 2108 Prosequebantur
753 2025 848 2088 dicta
864 2023 1063 2110 lachrymae,
1085 2025 1380 2107 suspiriorumque

428 2123 624 2189 difficultas.
676 2124 700 2189 J
703 2145 759 2188 am
773 2144 856 2188 vero
873 2125 1045 2202 noctibus
1062 2126 1146 2207 quia
1158 2124 1302 2188 deerant
1318 2126 1379 2207 qui

429 2225 635 2288 docerentur
650 2225 705 2289 vel
721 2225 828 2288 verba
844 2225 1056 2306 exciperent,
1077 2225 1284 2289 lucubrabat
1305 2225 1380 2307 ipse

429 2326 495 2389 sibi
518 2345 651 2407 pernox
678 2326 715 2387 in
740 2324 931 2406 gratiarum
955 2325 1091 2388 actione
1113 2331 1148 2388 et
1170 2324 1380 2406 psalmorum

429 2545 534 2608 quam
556 2526 670 2587 minus
692 2525 788 2587 solus
811 2532 903 2589 esset
924 2543 1029 2606 quam
1057 2544 1136 2588 cum
1157 2524 1253 2588 solus
1276 2532 1378 2589 esset.

429 2625 467 2689 Si
497 2624 635 2708 quando
665 2644 747 2712 vero
777 2643 881 2707 sopor
908 2622 1074 2706 irreperet
1104 2623 1291 2706 palpebris,
1320 2625 1380 2707 qui

428 2732 505 2789 erat
528 2725 682 2789 modicus
706 2732 742 2788 et
763 2725 893 2807 gravis,
915 2723 1096 2788 confestim
1118 2743 1286 2796 excussus
1308 2731 1380 2787 tur·

428 2827 598 2907 batusque
621 2824 780 2890 affectum
796 2825 873 2888 Deo
887 2842 1022 2906 semper
1034 2818 1205 2888 in'tentum
1218 2825 1284 2888 hac
1298 2844 1382 2888 voce

430 2924 612 3006 prodebat:
630 2920 993 3006 ‘'⁵Suscipc,Dominc,
1004 2942 1142 2988 serrum
1152 2932 1249 2988 tuum
1259 2918 1308 2988 ⁶in
1319 2925 1380 2987 bo-

431 3043 532 3103 num;
556 3044 626 3087 non
640 3025 891 3088 calumnientur
905 3043 959 3087 me
982 3025 1120 3107 superbi
1134 3024 1159 3089 τ’
1183 3014 1282 3088 ‘'fac
1303 3043 1380 3087 cum

430 3142 531 3187 servo
547 3131 608 3187 tuo
628 3123 816 3188 secundum
838 3124 1105 3189 misericordiam
1128 3124 1247 3187 tuam!
1291 3123 1381 3187 Haec

431 3230 467 3286 et
487 3223 556 3286 alia
578 3243 623 3286 ex
645 3223 797 3307 reliquiis
819 3224 992 3288 memoriae
1014 3224 1200 3306 praeteritae
1222 3224 1314 3288 ultro
1332 3223 1383 3288 ori

407 3325 657 3416 ¹occurrebant
685 3325 856 3406 exempla,
884 3344 963 3406 quae
992 3325 1171 3407 promebat
1201 3343 1263 3405 per
1294 3332 1380 3388 tcm-

432 3423 561 3506 poru'm'
579 3425 777 3501 intervalla,
801 3431 905 3506 prout
936 3423 1129 3488 leniebatur
1151 3423 1268 3488 infesti
1290 3443 1381 3487 mor-

431 3524 467 3587 bi
493 3523 667 3606 angustia.
727 3524 829 3587 Feria
853 3543 937 3587 vero
961 3524 1065 3587 tertia
1092 3530 1174 3588 ante
1196 3522 1381 3588 Ascensio-

431 3643 508 3687 nem
535 3624 688 3700 Domini,
713 3624 944 3688 invalescente
968 3623 1012 3687 ad
1034 3630 1227 3688 extremum
1253 3622 1382 3686 incom-

465 3795 645 3847 ¹Horreudum
662 3833 750 3850 .....
768 3798 894 3861 viventia]
918 3813 994 3859 quern
1017 3815 1074 3848 cum
1096 3800 1209 3862 otiosus3
1230 3814 1277 3848 nec
1299 3800 1383 3848 minus

432 3869 558 3918 Hebrevvs
570 3881 596 3918 x.
610 3873 649 3918 ³1.
918 3870 1009 3931 solum,
1031 3883 1107 3930 quam
1130 3884 1188 3918 cum
1209 3869 1279 3918 solus
1298 3869 1384 3919 esset!

466 3937 640 4002 ’Mutuutaad
671 3941 700 3990 C.
713 3939 748 3989 D.
760 3938 811 3998 E.;
838 3938 895 3986 imi-
918 3939 1008 3988 Cicero
1018 3940 1050 3988 de
1062 3939 1136 3989 Offic.
1147 3938 1192 3988 lib.
1205 3951 1245 3987 111.
1258 3954 1281 3988 c.
1295 3943 1318 3989 1.

343 4017 347 4026 '
430 4013 509 4071 tatus,
519 4009 552 4058 A.
565 4010 594 4060 S.
606 4009 638 4058 L.
953 4006 1095 4075 ⁵Stoecr‘pa.
1109 4045 1116 4059 .
1130 4041 1137 4056 .
1153 4007 1271 4072 superbi]
1293 4009 1381 4058 Psalm

466 4078 546 4127 8Νονι
563 4083 639 4128 ruat.
653 4113 678 4128 ..
692 4079 717 4127 in
736 4072 827 4146 nobie]
845 4078 895 4127 Ro·
917 4091 989 4128 cxix.
1002 4083 1058 4129 122.

432 4163 503 4197 mans
514 4162 572 4198 vm.
585 4153 625 4199 18.
867 4199 870 4204 ,
954 4145 1007 4197 “lu
1025 4149 1132 4212 bonum]
1149 4148 1185 4199 D.
1196 4149 1246 4207 Ε.;
1262 4149 1288 4196 in
1308 4149 1382 4211 bono,

467 4219 477 4248 ⁴
489 4219 620 4281 Nunquam
627 4218 798 4281 minusculus]
810 4218 896 4279 Scipio
920 4219 949 4268 C.
959 4233 966 4278 ;
984 4219 1088 4268 omitted
1099 4219 1126 4266 in
1137 4217 1170 4267 A.
1181 4219 1209 4267 S.
1218 4218 1250 4266 1..

431 4286 567 4336 Africanus
575 4302 630 4336 was
637 4288 894 4349 accustomedtoaay,
953 4284 1027 4338 ⁷Foe
1040 4325 1046 4339 .
1060 4325 1066 4339 .
1081 4324 1087 4338 .
1100 4288 1188 4351 tuam]
1206 4288 1294 4338 Pselm
1306 4299 1379 4336 exrx.

433 4359 475 4406 ‘se
488 4373 615 4418 nunquam
622 4359 705 4406 minus
713 4359 820 4407 otiosum
828 4371 894 4418 esse,
919 4361 973 4407 124.
